3626 5382
738 411 994 519 411-

373 629 443 692 Iam
475 647 547 694 vero
576 627 717 695 invenies
746 644 812 692 rem
847 626 886 690 ab
912 623 1123 708 Aristophane
1152 625 1211 690 hoc
1240 625 1310 690 loco
1338 625 1495 690 mutatam

285 729 369 796 haud
392 731 500 814 magni
522 749 589 796 esse
613 731 773 794 momenti.
816 729 899 792 Nam
922 748 1033 811 quum,
1064 728 1091 792 si
1113 729 1224 794 chorus
1245 727 1329 811 ipse,
1357 727 1390 791 id
1412 725 1493 809 quod

284 833 427 898 nonnulli
449 833 575 911 volunt,
599 833 717 898 saltans
739 830 884 909 abiisset,
906 831 974 896 fieri
988 849 1051 896 non
1065 833 1187 913 posset,
1210 830 1284 913 quin
1304 830 1495 912 spectatores

285 936 332 1000 rei
351 936 490 1001 novitate
521 936 609 1020 quasi
633 935 760 1000 attoniti
790 935 966 1016 stuperent,
997 953 1080 1001 nunc
1102 951 1197 1014 quum
1219 936 1284 998 tres
1308 934 1494 1015 quattuorve

286 1039 452 1104 saltatores
475 1059 546 1104 cum
566 1037 728 1120 tripudiis,
752 1038 788 1102 ut
807 1036 853 1102 ita
878 1023 1006 1114 dicam,
1030 1036 1159 1112 abeant,
1174 1053 1305 1112 eorum,
1339 1035 1392 1117 qui
1414 1034 1494 1100 assi·

286 1141 375 1217 dent,
407 1141 488 1206 risus
514 1144 675 1219 moretur,
702 1158 764 1204 non
788 1139 964 1205 admiratio.
1010 1140 1177 1206 Praeterea
1204 1138 1357 1221 quomodo
1379 1137 1491 1220 vigint

286 1245 433 1324 quattuor
451 1243 500 1306 illi
521 1245 686 1308 choreutae
702 1263 757 1326 per
780 1245 947 1326 angustam
969 1243 1146 1310 orchestrae
1169 1240 1321 1324 paredum
1343 1240 1494 1306 saltantes

285 1346 331 1414 ire
353 1345 525 1428 potuerint,
555 1349 591 1410 ut
618 1345 790 1410 desomnem
818 1347 1003 1429 turpemque
1033 1347 1193 1428 aspectum
1216 1362 1278 1408 non
1300 1344 1494 1427 praeberent,

286 1447 336 1512 vix
359 1447 462 1512 ammo
489 1449 605 1531 fingas,
638 1467 754 1531 paucos
785 1449 891 1512 autem
912 1449 1053 1512 homines
1076 1465 1190 1529 eosque
1214 1447 1379 1514 saltatores
1403 1464 1492 1528 egre·

284 1549 352 1632 gios
385 1569 456 1630 oum
490 1551 628 1618 omniurn
663 1551 787 1618 laetitia
818 1549 852 1615 id
884 1551 987 1616 facere
1021 1551 1160 1634 potuisse
1194 1568 1285 1615 nemo
1314 1548 1492 1616 mehercule

284 1652 420 1735 negabit.

371 1753 568 1838 Quamquam
585 1756 660 1838 quid
676 1774 753 1838 opus
777 1757 825 1820 est
846 1755 1013 1838 pluribus?
1057 1754 1230 1822 Choreutae
1252 1757 1289 1821 ut
1309 1755 1387 1820 alias
1411 1754 1493 1818 sole-

284 1857 361 1922 bant
394 1858 623 1942 ingredientee,
659 1858 813 1923 saltantes
842 1858 1019 1924 Carcinites
1054 1860 1246 1924 orchestram
1279 1857 1397 1942 egressi
1426 1875 1493 1922 esse

284 1960 416 2042 putandi
438 1963 520 2026 sunt.
565 1961 658 2026 Falso
679 1960 776 2042 igitur
791 1961 917 2042 plurimi
933 1961 992 2027 viri
1009 1961 1109 2040 docti,
1132 1980 1192 2044 quo
1213 1962 1245 2024 in
1260 1978 1388 2026 numero
1404 1974 1494 2042 prae*-

285 2066 334 2128 ter
357 2081 427 2141 eoa,
460 2081 539 2155 quos
558 2064 622 2128 iam
652 2063 981 2142 commemoravimus,
1013 2065 1109 2130 etiam
1133 2065 1294 2141 ΒιιιιιιΙι,1
1325 2063 1494 2139 Donncr,²

283 2166 458 2249 Droysen,⁸
486 2167 608 2244 Βοιὶο,4
636 2165 691 2230 alii
714 2168 802 2243 sunt,
834 2166 1079 2250 Aristophanem
1100 2170 1155 2232 aut
1177 2166 1301 2250 regulas
1324 2185 1343 2231 a
1365 2183 1398 2230 se
1418 2183 1493 2231 con·

285 2268 414 2332 stitutus
435 2268 539 2350 ipsum
561 2268 690 2334 laesisse
714 2271 769 2334 aut
799 2269 836 2333 de
860 2269 1083 2335 consuetudine
1106 2289 1228 2352 semper
1257 2269 1379 2334 servata
1400 2270 1433 2334 et
1452 2287 1493 2332 ne

285 2372 353 2434 tum
377 2371 501 2453 quidem
522 2369 673 2436 mutanda
687 2372 877 2438 mentionem
899 2373 1010 2439 fecisse
1033 2375 1224 2450 statuerunt,
1248 2373 1340 2449 falso,
1363 2371 1395 2436 id
1410 2370 1493 2452 quod

195 2509 198 2512 ·
285 2473 547 2540 demonstravisse
578 2475 788 2556 maximopere
817 2493 874 2538 nos
906 2477 1009 2552 iuvat,
1047 2477 1204 2540 Brentano
1235 2474 1404 2540 acerrimus
1437 2473 1491 2536 ille

285 2576 504 2658 Aristophanis
533 2577 707 2659 exagitator
736 2595 773 2639 ex
802 2576 894 2641 huius
922 2578 1022 2642 exitus
1051 2581 1164 2642 natura
1187 2577 1225 2641 ad
1247 2575 1493 2660 impugnandam

283 2679 381 2743 totius
404 2678 528 2743 fabulae
551 2679 766 2762 integritatem
789 2698 875 2743 arma
898 2680 977 2743 sumi
999 2697 1090 2762 posse
1114 2677 1300 2744 contendit⁵
1511 2678 1514 2682 ’

391 2856 419 2924 1)
438 2855 553 2924 Scripsit
572 2855 741 2910 inversione
764 2855 863 2910 latina:
894 2855 971 2920 „Sed
991 2857 1016 2910 si
1033 2856 1149 2912 libenter
1171 2856 1293 2920 saltatis,
1320 2857 1424 2912 educite
1443 2876 1492 2913 nos

284 2941 481 3011 quamprimum
507 2942 593 2996 foras:
623 2942 673 2997 hoc
700 2942 770 2996 cuim
790 2943 904 2997 antehac
929 2960 1007 2998 nemo
1033 2943 1201 3012 periclitatus
1221 2945 1275 3014 est„
1300 2943 1444 2999 saltantem
1461 2950 1492 2998 ct

283 3027 426 3082 dimitteret
445 3028 605 3082 comicorum
622 3028 762 3082 οὴοιιιιιιέι

388 3115 415 3182 2)
434 3115 478 3168 Ita
495 3114 590 3168 vortit:
621 3114 706 3178 ,‚Ihr,
733 3123 809 3168 menn
826 3114 873 3167 Ihr
895 3131 927 3167 au
952 3117 1049 3169 tanuen
1073 3115 1213 3184 verlangt,
1241 3133 1270 3170 so
1292 3115 1365 3169 nieht
1385 3115 1491 3179 binare,

283 3199 380 3253 hinaur
399 3200 487 3263 nieht,
531 3200 564 3252 In
585 3201 658 3262 hila
684 3199 727 3253 bis
753 3200 833 3254 haute
856 3200 887 3269 ja
904 3200 976 3254 ward
994 3201 1063 3254 noch
1081 3201 1125 3254 nie
1142 3205 1251 3270 gewagt
1268 3201 1317 3255 das
1334 3202 1492 3270 Wagstiich‚

286 3286 357 3340 Dass
374 3286 455 3339 Einer
473 3285 526 3338 den
543 3285 698 3339 lromischen
716 3284 787 3340 Cher
806 3301 868 3339 zum
886 3286 974 3340 Tanna
992 3286 1057 3340 liess
1075 3286 1277 3342 hinausaiehn.“

387 3371 415 3439 3)
432 3371 507 3424 Haeo
524 3370 644 3424 exhibet:
663 3370 761 3434 „Doch
779 3371 847 3424 habt
864 3371 906 3423 ihr
923 3387 956 3423 zu
974 3374 1071 3425 tanuen
1084 3370 1193 3440 (delitet,
1212 3388 1241 3425 so
1259 3372 1331 3426 zieht
1348 3372 1444 3426 hinaus
1463 3373 1492 3426 in

282 3455 409 3520 Frieden,
447 3455 567 3520 Schnell,
586 3456 700 3520 schnell;
719 3456 790 3510 deun
807 3457 849 3510 bis
865 3458 946 3512 heuto
964 3458 1033 3511 noch
1048 3459 1092 3510 nie
1111 3456 1183 3511 ward
1201 3457 1249 3510 das
1267 3460 1375 3526 gewagt
1390 3458 1491 3512 hienis·

285 3540 352 3605 den,
388 3543 457 3596 Desa
477 3559 507 3596 so
528 3543 571 3595 ein
589 3542 777 3612 trygbdischer
795 3542 867 3597 Cher
886 3543 924 3594 im
943 3543 1031 3596 Tamne
1049 3546 1111 3597 wtr’
1130 3542 1317 3611 geschicden.“

387 3629 414 3696 4)
432 3629 552 3682 Huncin
566 3628 674 3682 modum
691 3628 820 3682 disseruit
838 3628 944 3697 (Gesoh.
962 3627 987 3681 d.
1006 3629 1079 3682 Hell.
1098 3629 1206 3683 Dichtlr.
1219 3629 1276 3694 111,
1293 3629 1318 3692 2,
1339 3629 1414 3696 aab:
1435 3629 1491 3691 „So

283 3711 389 3766 seheint
407 3713 455 3766 das
472 3714 643 3768 kunstreiche
660 3715 764 3776 Ballet,
784 3714 876 3768 vomit
894 3713 941 3768 der
958 3714 1139 3782 Wespenchor
1156 3714 1204 3768 das
1224 3713 1307 3768 Stiick
1323 3714 1491 3776 beschliesst,

244 3800 246 3805 '
282 3798 341 3852 eine
363 3813 433 3866 ganz
457 3798 685 3868 eigentht'rmliche
707 3798 857 3868 Erfindung
880 3799 927 3853 des
946 3800 1071 3853 Dichters
1098 3799 1183 3852 selbst
1204 3815 1239 3852 zu
1264 3799 1335 3864 sein,
1369 3799 1429 3852 wie
1457 3815 1491 3852 es

281 3882 477 3952 iiberhaupt
494 3885 545 3939 bis
565 3885 667 3939 dahin
685 3885 771 3939 noch
791 3885 888 3938 nicht
904 3885 1099 3953 gescheheu
1122 3900 1204 3948 war,
1232 3885 1311 3938 dass
1336 3884 1387 3938 die
1405 3884 1490 3938 Exo-

284 3967 343 4022 dos
361 3969 460 4023 einer
477 3969 638 4024 Komddie
657 3971 725 4024 sich
746 3970 778 4023 in
797 3970 1113 4024 eineanhortanze
1134 3971 1384 4024 entwiokelte.“
1404 3971 1491 4023 Multo

281 4053 400 4118 mutius,
419 4057 451 4108 ut
467 4056 517 4109 hoc
533 4055 642 4119 addam,
653 4055 795 4124 Westphal
813 4055 943 4108 iudicavit
955 4071 1036 4123 quum
1049 4055 1177 4110 scriberet
1195 4055 1305 4124 (Metrik
1316 4056 1359 4108 He
1376 4073 1402 4124 p.
1414 4055 1492 4122 step

283 4139 340 4201 „So
359 4139 424 4194 wind
443 4156 487 4194 am
506 4140 630 4194 Schlusse
649 4140 821 4207 derWespen
839 4139 882 4193 ein
894 4139 1003 4208 Gesang
1021 4140 1058 4193 im
1070 4138 1320 4195 Archilocheischen
1338 4141 1491 4210 προσοδια-

282 4221 331 4279 κὸν
356 4224 586 4299 ὑπορχηματικόν
609 4226 795 4295 angestimmt,
820 4241 854 4278 zu
876 4225 1003 4278 walchem
1028 4226 1070 4280 die
1093 4226 1243 4280 bekanntsn
1263 4223 1404 4293 Tregdden
1423 4225 1491 4276 Kar-

281 4309 366 4363 kinos'
384 4310 413 4364 in
432 4311 517 4365 einem
539 4311 626 4364 ihrem
642 4309 747 4364 Namen
767 4309 994 4377 eutsprechenden
1013 4309 1140 4366 Oosttime
1165 4313 1209 4365 ein
1226 4309 1412 4378 Hyporohema
1431 4308 1490 4361 auf-

281 4395 378 4449 fiihren
397 4396 453 4450 und
472 4413 519 4451 zur
536 4396 655 4451 Parodos
673 4394 893 4460 hinauswirbeln,
917 4395 1043 4450 wthrend
1060 4395 1107 4450 der
1126 4396 1197 4450 Cher
1216 4395 1274 4448 sein
1290 4393 1358 4447 Lied
1376 4392 1490 4461 singeud

280 4481 446 4550 nmhfolgtr‘

385 4567 412 4636 5)
430 4567 496 4621 Eius
508 4566 589 4620 verba
600 4565 666 4621 haec
678 4570 742 4621 sunt
759 4566 1011 4636 (Untersuchungen
1028 4565 1094 4620 iiber
1107 4567 1132 4621 d.
1146 4564 1246 4635 griech.
1257 4565 1357 4617 Drama
1374 4580 1401 4631 p.
1412 4565 1487 4632 196):

282 4652 359 4716 „Der
382 4651 545 4706 Chorfiihrer
569 4651 686 4715 fordert,
719 4651 769 4706 vvis
791 4668 840 4706 aus
868 4652 919 4707 den
941 4653 1070 4707 Lesarten
1096 4653 1143 4705 der
1168 4650 1291 4704 Scholien
1316 4649 1487 4720 hervorgeht,
