3626 5382
814 387 1007 451 ..8-

306 553 483 639 dilatabat,
514 555 547 645 ἰή
566 554 679 623 Horeb
703 578 729 622 o.
753 577 781 639 q.
804 577 827 622 s.
849 557 981 622 canente
1004 575 1117 639 pompa
1138 555 1271 639 nuptiali
1293 556 1404 641 parata
1424 556 1513 620 thea-

306 666 392 728 trum
413 661 575 744 reliquisse
597 660 796 726 existimandi
818 661 900 724 sunt.

394 765 587 847 Lysistratus
606 764 706 828 exitus
722 783 740 828 a
756 760 883 844 reliquis
902 759 1016 826 fabulis
1032 761 1157 826 omnino
1173 759 1314 827 diversus
1329 762 1386 826 est.
1424 759 1514 839 Quod

254 853 256 858 ⁸
307 868 390 931 enim
412 885 538 932 carmen
569 867 706 930 extremo
736 865 805 929 looo
835 864 949 939 exstat,
987 862 1026 926 ad
1055 863 1143 926 ouius
1171 864 1353 945 rhythmum
1376 864 1514 928 Lacones
1550 921 1554 926 ,

308 967 471 1036 saltavisse
492 972 638 1051 apparet,
660 987 722 1032 non
746 967 831 1031 chori
853 969 913 1043 est,
937 965 991 1030 scd
1011 965 1171 1032 Laconum
1198 965 1514 1050 paraohoregematis,
1631 1029 1642 1036 ,

307 1089 417 1152 quare,
450 1071 477 1136 si
504 1071 573 1154 quie
601 1073 661 1134 hoo
689 1070 874 1134 documento
900 1068 1033 1151 probaro
1064 1067 1156 1145 velit,
1187 1070 1316 1132 chorum
1345 1067 1514 1132 saltantem

306 1171 435 1249 abiisse,
466 1192 569 1237 errore
590 1173 728 1237 fallatur.
761 1171 977 1252 Relinquitur,
1006 1172 1043 1235 ut
1068 1169 1177 1234 fabula
1201 1169 1241 1234 ad
1264 1171 1357 1235 finem
1379 1169 1514 1234 adducta

306 1275 338 1338 et
360 1275 492 1339 chorum
516 1275 695 1357 legitimum
725 1277 757 1338 et
784 1274 1080 1357 paraohoregemata
1103 1292 1159 1355 per
1188 1273 1340 1355 parodum
1365 1273 1416 1337 vel
1439 1272 1513 1335 dex-

306 1376 389 1440 tram
417 1375 468 1442 vel
499 1377 659 1441 sinistram
686 1376 810 1441 silentio
841 1376 952 1440 exiisse
978 1395 1014 1439 ox
1037 1376 1197 1440 orchestra
1220 1393 1409 1466 censeamus.

393 1479 721 1563 Thesmophoriazueis
744 1498 815 1544 cum
837 1478 980 1543 Nubibus
1001 1496 1038 1542 ea
1060 1480 1109 1542 est
1130 1477 1318 1556 similitudo,
1337 1480 1375 1543 ut
1395 1477 1513 1541 utrius-

305 1599 364 1661 que
380 1579 505 1644 fabulae
521 1581 649 1658 chorus,
674 1579 748 1645 dum
768 1582 889 1645 exitum
906 1582 1010 1662 parat,
1033 1582 1161 1662 aspectu
1183 1581 1394 1662 memoriaque
1409 1599 1514 1643 rerum

307 1683 468 1764 gestarum
490 1682 603 1748 laetari
625 1703 658 1748 se
680 1682 872 1767 profiteatur.
924 1683 1073 1766 Legimus
1101 1683 1186 1748 enim
1206 1689 1357 1749 vv.1227
1381 1701 1407 1750 e.
1427 1700 1513 1764 qs:

608 1780 691 1849 atto
714 1784 901 1850 πέπαισται
921 1780 1059 1870 μετρίως
1078 1780 1169 1872 ἡμῖν·

611 1884 686 1952 ὥστ’
708 1883 776 1972 δι’ρα
800 1881 838 1973 δή
846 1889 908 1951 ’στι
929 1883 1071 1969 βαδίζειν

609 1984 713 2054 οἴκαδ’
735 1983 863 2074 ἑκάστῃ,

611 2091 657 2154 τὼ
682 2085 884 2176 Θεσμοφόρω
905 2084 1010 2175 δ’ἡμῖν
1031 2081 1158 2176 ἀγαθήν

609 2191 731 2258 τούτων
750 2191 841 2278 χάριν
862 2183 1113 2258 ἆνταττοδοῖτον.

307 2299 416 2381 Itaque
439 2316 478 2361 ne
501 2298 552 2361 hio
574 2295 698 2378 quidem
720 2297 786 2361 ulla
809 2295 945 2362 saltandi
962 2296 999 2359 fit
1019 2297 1214 2379 significatio.

391 2400 480 2464 Idem
503 2400 540 2464 de
561 2399 721 2464 Ranarum
744 2399 884 2463 clausula
906 2398 1011 2463 valere
1033 2417 1071 2462 ex
1092 2399 1169 2481 ipsis
1191 2401 1302 2479 poetae
1323 2400 1426 2464 verbis
1449 2401 1517 2464 elu-

307 2503 365 2567 cet.
409 2501 471 2581 Qui
497 2520 594 2583 quum
615 2500 784 2566 Plutonem
812 2502 904 2566 deum
933 2501 1047 2584 Mystis
1061 2499 1281 2584 'imperantem
1309 2501 1451 2580 inducat,
1480 2504 1517 2566 ut

307 2622 378 2668 oum
400 2603 520 2668 facibus
552 2603 733 2668 ardentibus
761 2604 970 2685 Aeschylum,
1009 2603 1062 2686 qui
1090 2602 1129 2667 ad
1159 2603 1262 2668 lucem
1283 2603 1439 2668 rediturus
1459 2607 1516 2682 est,

306 2707 447 2771 carmina
480 2707 546 2771 eius
577 2707 789 2788 pulcherrima
822 2708 969 2770 canentes
1002 2707 1246 2787 prosequantur,
1280 2707 1349 2786 quis
1382 2708 1431 2770 est
1463 2708 1516 2789 qni

305 2827 421 2892 negare
444 2810 573 2886 audeat,
607 2810 783 2893 mystarum
810 2809 939 2871 chorum
973 2807 1167 2891 procedendo
1198 2827 1234 2872 ex
1264 2808 1424 2874 orchestra
1452 2809 1515 2873 dis-

306 2912 460 2976 cessisse?

392 3016 438 3078 De
461 3014 751 3077 Ecclesiazusarum
785 3012 869 3077 exitu
901 3013 977 3094 quid
1009 3011 1211 3077 statuendum
1234 3013 1291 3090 sit,
1323 3033 1385 3079 non
1415 3014 1515 3096 primo

306 3117 435 3198 aspectu
466 3114 664 3179 intellexeris.
710 3115 848 3194 Necesse
881 3119 930 3180 est
963 3115 1064 3192 enim,
1100 3133 1178 3196 quae
1211 3115 1414 3194 antecedant,
1452 3117 1517 3181 aori

306 3217 420 3282 iudicio
449 3217 608 3299 perpendi.
663 3217 856 3282 Promiserat
885 3219 990 3282 autem
1018 3218 1131 3282 chorus
1161 3218 1314 3297 Domino,
1349 3219 1423 3283 dum
1449 3218 1515 3302 ipse

310 3338 382 3382 cum
405 3317 580 3401 virginibus
603 3319 820 3397 descenderet,
853 3314 951 3400 μέλος
978 3340 1011 3381 τι
1038 3313 1302 3400 μελλοδειπνικόν
1331 3339 1364 3384 se
1393 3322 1423 3384 ei
1449 3338 1516 3385 esse

307 3422 515 3485 cantaturum.
560 3420 649 3499 Quod
677 3422 804 3504 quidem
831 3418 928 3503 μέλος
950 3440 1012 3486 non
1032 3421 1112 3486 illud
1139 3436 1234 3506 posse·
1255 3423 1407 3506 intelligi,
1434 3423 1517 3504 quod

306 3525 407 3589 metro
440 3524 597 3588 trochaico
634 3524 841 3606 compositum
874 3525 1015 3588 versibus
1050 3528 1275 3588 1155-1162
1310 3526 1516 3604 contineatur,
1616 3597 1620 3602 ,

307 3627 361 3691 sed
385 3625 417 3688 id
438 3645 464 3690 a.
480 3633 612 3710 v.,1163
629 3626 754 3691 demum
772 3627 908 3710 incipere
931 3629 964 3690 et
984 3626 1023 3690 ad
1042 3628 1310 3711 hyporohematis‚
1334 3629 1416 3710 quod
1439 3628 1516 3692 dici·

307 3732 368 3804 tur,
391 3730 495 3792 motus
512 3730 648 3820 cantari,
669 3747 765 3810 quum
783 3748 818 3792 ex
838 3729 932 3794 metri
946 3731 1059 3794 natura
1080 3732 1150 3794 tum
1165 3750 1201 3794 ox
1220 3730 1290 3796 istis
1308 3731 1394 3796 chori
1413 3729 1517 3798 verbis

308 3829 522 3905 concluditur,
554 3831 667 3912 quibus
695 3832 881 3909 Dominum,
909 3833 945 3895 ut
968 3851 1040 3895 oum
1061 3832 1129 3913 ipso
1152 3836 1306 3917 κρητικῶς
1327 3833 1421 3915 pedes
1443 3851 1515 3898 euos

307 3935 447 4010 moveat,
471 3933 662 3998 adhortatur.
707 3935 834 4017 ltaque,
857 3952 956 4016 quum
972 3933 1068 3999 etiarn
1089 3952 1181 3999 caeco
1202 3935 1516 4016 appareatsaltatio-

307 4055 380 4100 nem
402 4035 543 4113 institui,
566 4037 743 4117 quaeritur,
766 4055 868 4100 nonne
892 4055 928 4102 ea
949 4038 1022 4101 aute
1045 4037 1162 4101 exitum
1176 4037 1300 4102 fabulae
1324 4038 1516 4105 intermitta-

306 4140 367 4202 tur.
412 4137 481 4215 Qua
503 4138 540 4202 de
568 4157 603 4202 re
625 4139 707 4220 quod
728 4140 883 4222 Bergkins
911 4139 988 4206 dixit
1015 4140 1060 4204 sic
1084 4158 1151 4205 esse
1182 4141 1382 4205 statuendum
1403 4142 1516 4206 iudea

306 4261 335 4304 v.
354 4247 436 4304 1163
468 4259 565 4323 usque
587 4240 626 4306 ad
648 4261 677 4304 v.
695 4248 778 4306 1179
810 4244 1019 4326 coryphaeum
1042 4243 1129 4307 chori
1158 4261 1286 4322 canere,
1317 4246 1386 4308 tum
1407 4261 1517 4309 versus

307 4343 462 4406 extremos
505 4349 738 4406 1180-1182
774 4343 953 4410 universum
990 4364 1100 4410 canere
1138 4347 1284 4423 chorum,
1328 4364 1517 4429 quamquam

307 4443 431 4507 omnino
457 4445 583 4526 probari
611 4464 672 4512 non
703 4448 824 4528 potest,
858 4447 966 4512 tamen
992 4446 1109 4530 aliquid
1136 4449 1204 4512 veri
1230 4447 1377 4512 continet.
1429 4448 1517 4513 Vidit

306 4547 389 4609 enim
419 4547 467 4612 vir
499 4549 696 4617 doctissimus
728 4569 876 4616 versuum
906 4552 1116 4618 extremorum
1146 4550 1241 4616 aliam
1273 4569 1341 4616 esso
1369 4554 1515 4618 naturam
