3626 5382
822 445 1037 510 „12-

417 615 642 699 Aristophanes
673 617 770 701 igitur
797 635 858 699 quo
892 617 961 681 erat
989 615 1114 699 ingenio
1138 635 1258 700 quaque
1282 616 1359 682 artis
1387 615 1539 694 sollertia,

329 721 366 785 ut
388 722 601 804 spectatorum
624 722 744 786 animos
767 720 954 796 delectaret,
984 719 1016 783 id
1038 719 1212 797 commisit,
1242 721 1331 786 utin
1353 719 1540 784 saltatorum

330 823 441 887 habitu
462 843 530 890 rem
552 843 682 907 parvam
704 823 842 888 mutaret
857 841 954 904 eaque
976 823 1100 887 mutata
1122 825 1269 888 eventum
1293 823 1370 887 setis
1390 840 1540 904 magnum

330 929 590 1008 consequeretur,
626 926 714 992 chori
752 928 856 1020 autem
890 923 1098 990 conditionem
1132 925 1289 1008 integram
1326 925 1540 1006 intactamque

329 1028 465 1110 reliquit
511 1028 573 1094 Sed
595 1029 666 1094 finis
689 1030 747 1106 eit3
782 1028 859 1093 satis
881 1027 964 1092 enim
984 1027 1086 1092 multa
1109 1026 1268 1111 disputata
1290 1029 1373 1093 sunt.
1418 1028 1539 1106 Restat,

330 1132 367 1196 ut
393 1131 426 1194 in
448 1132 508 1196 hac
529 1151 599 1197 mea
621 1131 883 1197 commentatione
904 1129 968 1196 Jul.
989 1129 1131 1196 Richteri
1157 1131 1338 1214 interpretis
1365 1129 1541 1218 ¹acutieoimi

331 1234 465 1317 vestigia
487 1235 611 1318 saepius
634 1235 722 1318 sequi
741 1255 791 1300 me
811 1234 949 1317 potuisse
971 1234 1130 1316 profitear.
1175 1232 1236 1311 Qui
1256 1252 1366 1315 quum,
1388 1231 1540 1316 quomodo

329 1335 412 1400 inter
442 1356 475 1402 se
505 1337 721 1421 coniungenda
749 1339 781 1402 et
808 1335 1042 1418 interpretanda
1061 1338 1167 1401 essent
1188 1337 1284 1400 verba
1305 1338 1432 1418 poetae,
1455 1339 1540 1401 recte

332 1441 540 1520 exposuisset,
569 1458 666 1522 quum
688 1439 721 1503 in
742 1439 827 1517 aliis,
858 1442 926 1504 tum
946 1439 979 1502 in
1002 1456 1038 1503 eo
1060 1439 1195 1504 maxime
1215 1437 1362 1518 offendit,
1384 1438 1482 1523 quod,
1504 1440 1542 1503 ut

331 1559 398 1607 rem
417 1542 518 1625 magis
542 1543 638 1608 etiam
657 1540 847 1620 illustraret,
875 1542 1062 1606 scholiastae
1084 1535 1262 1624 εἰσέρχεται
1284 1564 1313 1606 κ.
1334 1563 1363 1606 τ.
1385 1541 1412 1604 λ.
1435 1540 1542 1606 dicen·

331 1642 373 1707 tis
404 1644 583 1709 testimonio
614 1645 746 1710 nimium
775 1644 969 1710 auctoritatis
995 1643 1148 1709 attribuit.
1191 1643 1317 1708 Etenim
1343 1662 1421 1726 quae
1450 1644 1541 1707 scho-

332 1745 425 1810 liasta
446 1745 599 1825 affirmet,
622 1766 719 1830 quum
740 1767 795 1830 per
818 1767 850 1811 se
873 1765 948 1812 vora
969 1746 1046 1824 sint,
1068 1746 1108 1812 ad
1129 1747 1213 1812 hune
1232 1746 1338 1812 locum
1359 1765 1421 1811 non
1443 1746 1542 1828 perti-

332 1850 423 1927 nent,
453 1867 564 1933 neque,
594 1850 668 1932 quid
691 1850 752 1915 sibi
773 1851 908 1926 vellent,
935 1849 1071 1933 intelligi
1100 1851 1220 1933 posset,
1248 1851 1309 1914 nisi
1339 1848 1542 1914 scholiastam

331 1951 435 2034 ipsum
465 1970 587 2034 quoque
618 1971 654 2017 ea
682 1951 839 2017 sententia
867 1952 962 2017 fuisse
998 1950 1192 2030 videremus,
1226 1954 1264 2016 ut
1293 1951 1386 2016 huius
1416 1951 1544 2016 fabulae

334 2054 419 2119 exitu
441 2053 759 2120 massmannum
783 2055 895 2120 abiisse
918 2056 1052 2137 putaret

419 2157 508 2221 Haec
535 2156 630 2221 habui
656 2158 693 2220 de
716 2157 891 2239 vesperum
920 2155 1004 2221 exitu
1034 2175 1112 2239 quae
1141 2158 1286 2222 dicerem.
1331 2156 1437 2222 Velim
1465 2158 1543 2221 mihi

335 2259 517 2341 contigerit,
552 2261 588 2322 ut
617 2259 699 2341 quod
732 2258 910 2340 asperitatis
939 2257 1081 2341 quodque
1109 2259 1287 2324 offensionis
1319 2261 1461 2344 singulae
1492 2279 1542 2324 res

334 2360 482 2425 videntur
503 2359 633 2439 hahere,
652 2360 744 2426 facile
759 2380 849 2443 posse
865 2361 1000 2426 emedio
1016 2361 1088 2427 tolli
1103 2361 1247 2426 docerem
1261 2364 1424 2444 totumque
1439 2364 1544 2427 locum

335 2463 492 2528 nonnullis
522 2467 702 2546 suspectum
730 2483 841 2529 sanum
872 2483 939 2530 esse
973 2465 1219 2531 demonstrarem
1253 2485 1386 2548 veroque
1418 2464 1543 2530 Aristo·

334 2566 499 2647 pheneum.

335 2823 408 2877 seinc
425 2823 510 2878 Lente
528 2825 577 2879 ens
594 2825 651 2878 sich
668 2823 784 2878 tenzend
801 2839 835 2876 zu
853 2823 995 2878 entiernen
1020 2822 1075 2876 und
1102 2824 1165 2892 fugt
1190 2824 1262 2879 deun
1287 2841 1358 2894 ganz
1383 2825 1546 2893 offenherzig

335 2908 429 2962 hinnu:
460 2908 549 2962 donn
575 2909 657 2964 noch
683 2908 831 2963 niemals
856 2910 915 2962 hat
941 2925 977 2962 es
1003 2909 1144 2962 Jemend
1170 2911 1328 2964 vereuoht
1350 2910 1412 2964 den
1436 2910 1544 2964 kemi-

337 2996 441 3047 schen
459 2993 547 3048 Cher
569 2987 722 3048 tenzend
745 2993 911 3048 abziehen
933 3010 972 3048 zu
996 2994 1131 3048 lassent
1167 2995 1309 3050 Netirlioh
1328 2996 1416 3051 cinem
1436 2997 1545 3050 antiken

340 3079 512 3133 Dramatiter
529 3081 629 3135 konnte
647 3097 676 3134 so
697 3083 780 3134 etwas
798 3079 948 3148 fiberhaupt
965 3079 1041 3132 nicht
1058 3080 1206 3150 pressiorem
1227 3098 1283 3136 was
1300 3082 1364 3136 aber
1382 3082 1472 3136 durlte
1489 3081 1546 3136 sich

343 3163 391 3217 der
410 3165 597 3234 wahnwitzige
615 3165 772 3220 Beerbeiter
787 3165 863 3220 nicht
881 3165 1051 3220 erleuben?“
