3626 5382
823 361 1015 424 *4-

315 535 462 599 conviciis
484 551 705 617 saepenumero
722 532 880 622 ,exagitati
901 535 967 597 tres
990 533 1048 596 filii
1067 534 1251 609 saltatores,
1280 551 1356 615 quoe
1383 536 1415 598 et
1436 531 1521 616 ipsos

312 637 538 720 Aristophanes
553 629 988 724 vehementissime'insectari
1010 634 1146 712 solebat,
1170 638 1207 699 ut
1227 635 1437 700 Philocleonis
1458 635 1521 700 sal-

312 739 401 804 tandi
424 743 524 805 artem
552 739 748 804 aemulantur
778 738 844 812 sive
873 738 1007 820 rependo
1034 738 1100 802 sive
1124 737 1263 802 saliendo
1290 737 1355 804 sive
1379 737 1521 803 saltando

311 841 374 927 (bis
404 843 487 907 eninr
518 843 648 907 verbum
678 835 937 926 προσέρχεσθαι,
973 840 1069 905 semel
1099 836 1301 926 προσέρπειν
1330 839 1523 925 usurpetur),

313 946 475 1010 accedunt.

400 1049 468 1113 Iam
483 1067 557 1112 vero
571 1048 751 1130 priusquam
774 1045 848 1128 quid
868 1045 979 1110 deinde
996 1047 1037 1110 sit
1055 1046 1174 1111 fectum
1189 1046 1367 1126 rideamus,
1389 1065 1525 1130 quanam

314 1154 402 1234 perte
417 1153 534 1217 theatri
550 1151 726 1216 Carcinites
741 1149 931 1222 intraverint
952 1150 1119 1231 quaeritur.
1164 1149 1212 1213 Ac
1227 1149 1366 1233 plerique
1389 1149 1525 1232 quidem,

314 1255 346 1318 id
370 1253 452 1338 quod
469 1253 559 1331 inde,
583 1252 665 1337 quod
688 1272 755 1316 rem
778 1251 902 1317 silentio
926 1254 1106 1329 transeunt,
1135 1254 1190 1317 tuo
1213 1252 1280 1316 iure
1305 1253 1470 1331 coniicias,
1492 1253 1526 1316 in

315 1376 441 1422 scenam
470 1355 614 1439 progredi
643 1355 818 1419 Carcinites
848 1355 952 1435 ibique
984 1355 1101 1418 morari
1131 1356 1261 1437 putant,
1299 1355 1354 1420 alii
1385 1373 1459 1422 vero
1493 1355 1526 1418 in

316 1461 477 1525 orchestra
500 1459 699 1524 saltationem
718 1457 786 1522 fieri
801 1457 919 1522 volunt.
964 1456 1105 1537 Quorum
1127 1458 1206 1522 utris
1227 1458 1461 1524 assentiendum
1477 1458 1527 1534 sit,

316 1562 471 1646 copiosius
502 1579 653 1644 exponere
675 1561 727 1624 uix
750 1579 827 1642 opus
850 1562 907 1625 est.
951 1559 1034 1624 Nam
1062 1579 1157 1641 quum
1179 1560 1339 1626 Philoclen
1371 1582 1401 1626 r.
1426 1565 1527 1624 1514:

316 1655 397 1750 ἀτὰρ
428 1658 685 1745 καταβατέον
712 1663 740 1746 ν’
763 1659 816 1726 ἐπ’
839 1657 954 1739 αὐτούς
975 1663 1035 1728 sibi
1064 1664 1189 1746 suisque
1210 1663 1243 1726 in
1266 1663 1403 1744 aliquem
1422 1664 1527 1728 locum

317 1768 496 1832 inferiorem
527 1766 776 1831 descendendum
807 1785 874 1830 esse
904 1765 1003 1844 dicet,
1037 1785 1192 1849 quumque
1214 1765 1320 1848 penho
1342 1769 1414 1848 post
1438 1785 1528 1850 cory-

317 1872 434 1951 phaeus
456 1871 561 1935 verbis
582 1869 663 1934 illis:

448 1971 526 2058 φέρε
549 1996 602 2035 ννν
625 1967 717 2057 ἡμεῖς
739 1968 851 2046 αὐτοῖς
872 1960 980 2054 ὀλίγον
1000 1964 1247 2057 ξυγχωρήσωμεν
1269 1965 1421 2052 ἅπαντες,

449 2075 488 2138 ἵν’
509 2071 561 2160 ἐφ’
581 2069 713 2160 ἡσυχίας
734 2066 824 2154 ἡμῶν
845 2069 994 2158 πρόσθεν
1009 2068 1238 2154 βεμβικίζωσιν
1258 2067 1401 2152 ἑαυτούς,

319 2180 453 2262 imperet
486 2178 659 2253 choreutis,
693 2180 730 2242 ut
760 2175 984 2242 retrocedendo
1018 2175 1214 2243 occasionem
1251 2176 1327 2243 dent
1364 2175 1531 2242 Cercinitis

322 2283 471 2367 ampliore
511 2281 612 2364 spatio
647 2281 695 2345 sui
732 2280 878 2347 volvendi
914 2280 1107 2363 turbinisque
1144 2281 1262 2360 instar,
1279 2278 1531 2355 circumrotendi,

320 2385 450 2467 pusillos
471 2385 543 2450 illos
567 2386 599 2449 et
621 2403 805 2448 cancrorum
827 2383 945 2448 sinriles
966 2383 1173 2449 homunculos
1192 2385 1225 2447 in
1241 2385 1434 2449 orchestram
1455 2383 1531 2447 irre-

321 2489 420 2570 psisse
448 2488 552 2568 ibique
585 2487 734 2550 mansisse
762 2485 964 2552 iudicandum
992 2488 1050 2552 est.
1095 2485 1185 2566 Quod
1209 2487 1292 2550 enim
1314 2487 1379 2551 Jul.
1402 2485 1532 2550 Richter

323 2609 399 2657 voce
429 2587 628 2671 καταβατέον
651 2588 879 2654 Carcinitarum
910 2591 1049 2655 staturae
1079 2589 1268 2656 brevitatem
1295 2588 1388 2654 illudi
1416 2590 1531 2666 censet,

322 2694 400 2758 haec
421 2689 638 2775 interpretatio
656 2711 750 2774 quam
773 2694 805 2756 et
825 2692 931 2756 ieiuna
952 2693 984 2756 et
1005 2691 1141 2756 difficilis
1164 2692 1205 2756 sit
1223 2709 1396 2776 nemonon
1419 2691 1512 2758 ridet.
1600 2718 1606 2723 ·

410 2795 471 2862 Sed
491 2797 568 2861 haec
589 2797 750 2860 hactenus.
794 2792 878 2858 Illud
899 2793 963 2857 iam
985 2795 1093 2875 quaeri
1115 2795 1253 2876 oportet,
1275 2797 1347 2879 post
1362 2795 1532 2860 aduentum

324 2900 552 2966 Carcinitarum
573 2899 608 2962 in
628 2899 786 2962 orchestra
801 2896 875 2978 quid
890 2897 1066 2962 actumst.
1110 2896 1216 2978 Atque
1238 2897 1270 2961 id
1287 2897 1411 2980 quidem
1426 2915 1532 2964 omnes

325 3002 537 3078 consentiunt,
569 3019 641 3064 cum
669 3000 782 3064 chorus
810 2998 940 3063 canticis
970 2999 1034 3063 suis
1064 2998 1187 3064 diversa
1213 3001 1314 3064 metre
1345 3001 1533 3065 connectens

244 3167 249 3177 ,
325 3101 507 3188 rhythmum
527 3102 722 3178 ostenderet,
754 3101 927 3166 Carcinites
951 3100 1134 3179 saltatores,
1161 3100 1201 3166 ad
1222 3121 1299 3185 quos
1327 3103 1424 3190 etiam
1445 3104 1534 3185 peter

326 3207 476 3271 Carcinus
499 3206 667 3288 arrepsisse
690 3225 719 3269 v.
738 3211 818 3269 1531
848 3204 978 3282 dicitur,
999 3204 1086 3270 veria
1107 3205 1284 3270 saltationis
1306 3224 1422 3290 genera
1442 3205 1534 3269 insti-

325 3309 431 3373 tuisse.
484 3307 639 3373 Extremis
669 3310 775 3374 autern
798 3309 938 3374 versibus
961 3307 1035 3389 quid
1062 3308 1253 3392 significetur
1275 3327 1391 3392 magna
1414 3307 1533 3372 dissen—
1566 3319 1571 3396 j

327 3411 372 3476 sic
396 3413 452 3475 est.
498 3411 631 3476 Exstant
652 3429 725 3475 vero
748 3412 781 3475 in
804 3412 962 3476 codicibus
984 3413 1078 3477 haec:

456 3511 525 3576 ἀλλ’
548 3506 682 3596 ἐξάγετ’,
707 3506 790 3577 εἴτι
811 3513 929 3598 φιλεῖτ’
952 3507 1150 3600 ὀρχούμενοι,
1172 3507 1295 3598 θύραζε

457 3610 542 3701 ἡμᾶς
562 3609 662 3695 ταχύ·
684 3620 778 3681 τοῦτο
799 3613 859 3701 γὰρ
882 3607 987 3692 οὐδείς
1009 3637 1063 3678 πω
1085 3609 1192 3700 πάρος
1214 3613 1374 3703 δέδρακεν,

457 3713 646 3801 ὀρχούμενον
668 3713 758 3795 ὅστις
775 3710 958 3804 ἀπήλλαξεν
975 3717 1070 3804 χορὸν
1094 3719 1286 3805 τρνχανέῶν.ι

416 3819 510 3884 Chori
537 3822 616 3886 haec
638 3841 706 3886 esse
736 3822 830 3887 verba
851 3821 952 3904 iisque
973 3822 1073 3887 iuberi
1096 3822 1261 3887 saltatores
1284 3822 1421 3890 exeundo
1444 3823 1535 3888 febu-

328 3925 378 3988 lae
401 3923 496 3987 finem
517 3924 691 4007 imponere,
713 3925 778 3989 iem
800 3923 903 3991 Schol.
926 3926 964 3990 V.
986 3925 1067 3991 vidit
1089 3944 1185 4008 quum
1205 3925 1372 3990 scriberet:
1403 3916 1538 4011 εὐχερῶς
1587 3967 1591 3974 -

329 4022 381 4106 δέ,
402 4020 446 4101 ὡς
465 4023 498 4088 έν
511 4024 610 4105 τέλει,
633 4025 690 4112 τὴν
711 4023 820 4106 ἔξοδον
840 4030 903 4092 τῶν
922 4025 1108 4112 προσώπων
1128 4025 1280 4111 βούλεται
1299 4033 1446 4115 ποιῆσαι.
1489 4029 1537 4094 Ac

330 4148 369 4194 ne
387 4129 420 4194 id
443 4129 569 4213 quidem
589 4149 775 4215 quemquam
797 4133 934 4216 effugere
956 4133 1077 4214 potest,
1099 4132 1258 4198 adhortari
1278 4135 1407 4198 chorum
1430 4133 1537 4198 Carci—
1650 4184 1654 4191 .

331 4233 427 4310 nitas,
455 4236 492 4298 ut
511 4252 544 4297 se
567 4234 671 4317 ipsum
694 4253 730 4297 ex
751 4235 911 4300 orchestra
933 4253 1132 4320 egressurum
1154 4237 1343 4302 comitentur
1363 4237 1414 4301 vel
1434 4238 1538 4318 potius

311 4336 533 4421 'antecedant
564 4354 779 4418 quamcunque
809 4337 892 4402 enim
915 4337 1027 4402 ulhmo
1051 4358 1144 4403 versu
1175 4339 1363 4403 sententiam
1386 4339 1539 4404 contineri

332 4439 494 4517 putamus,
521 4438 560 4502 ad
584 4438 714 4502 chorum
743 4439 962 4504 dimittendum
984 4459 1055 4505 eam
1077 4441 1231 4523 pertinere
1252 4440 1457 4506 manifestum
1480 4443 1537 4506 est.

332 4539 511 4604 Reiicienda
539 4540 639 4623 igitur
666 4541 801 4632 Bentleii
832 4543 1011 4608 coniectura
1045 4562 1101 4626 pro
1133 4544 1268 4609 lectione
1298 4543 1428 4627 rudgete
1454 4539 1539 4630 ἡμᾶς
