3626 5382
791 457 985 522 ..7-

282 625 488 716 ὀρχούμενος,
512 624 660 712 οὐδαμῶς
682 627 718 694 δὲ
740 626 900 714 ἐξέρχεται
921 628 978 714 (so.
1000 623 1222 715 duxerintque),
1250 649 1321 695 eam
1342 630 1496 698 rationem

283 735 426 798 seoutum
458 753 525 799 esse
546 733 806 816 Aristophanem,
835 733 872 796 ut
895 733 1023 798 chorum
1046 733 1260 815 gradientem,
1290 751 1352 796 non
1376 732 1495 798 saltau-

275 823 347 900 tem
372 835 560 913 dimitteret,
583 835 712 917 reliquis
732 834 846 900 fabulis
862 835 912 900 vel
927 835 1039 900 leviter
1059 834 1209 917 inspeetis
1231 834 1324 899 faoile
1345 834 1405 899 tibi
1423 854 1495 917 per-

284 937 438 1004 suadebis.
484 938 566 1002 Nam
588 957 684 1020 quum
702 935 825 1017 saepius
847 937 918 1013 fiat,
950 939 985 1018 ut
1008 939 1177 1002 ohoreutue
1199 955 1271 1003 oum
1291 936 1495 1002 histrionibus

283 1041 443 1105 ooniunoti
466 1041 532 1108 sive
556 1059 682 1104 soenam
704 1040 770 1106 sive
792 1041 987 1106 orchestram
1009 1039 1202 1122 relinquant,
1231 1041 1403 1104 carminum
1425 1059 1497 1104 oum

283 1142 408 1206 laetitia
428 1145 625 1207 oantatorum
646 1144 711 1206 fere
732 1161 868 1226 semper,
900 1142 1077 1208 saltationis
1100 1123 1202 1207 laetae
1226 1160 1381 1223 nusquam
1406 1159 1495 1205 meu·
1535 1183 1541 1204 ι

286 1247 405 1309 tionem
437 1244 560 1310 illatam
593 1244 741 1311 ridemus.
796 1244 1047 1310 tharnensium
1078 1245 1201 1322 autem,
1235 1247 1272 1309 ut
1300 1245 1374 1308 inde
1405 1243 1495 1308 initio

258 1380 261 1385 ·
285 1347 376 1430 oapto
400 1347 540 1430 singulas
563 1347 708 1429 deinceps
730 1347 905 1413 comoedias
929 1348 1132 1430 palustrem,
1155 1348 1255 1412 exitus
1278 1347 1330 1411 hio
1351 1349 1415 1412 est:

369 1450 583 1513 ΛΙΚΑΙΟΠ.
628 1445 827 1513 decessuve
848 1445 981 1536 ᾄδοντες
1002 1443 1028 1513 ὦ
1045 1446 1180 1535 τήνελλα
1202 1445 1391 1524 καλλίνικος.

487 1553 584 1615 ΧΟΡ.
629 1542 698 1615 dll’
720 1545 900 1634 ἑψόμεσθα
923 1551 983 1638 σὴν
1000 1545 1091 1636 χάριν

630 1652 762 1740 τήνελλα
782 1649 961 1718 καλλίνικον
984 1649 1021 1738 ᾅ-

283 1861 376 1924 Petet
395 1860 493 1942 igitur
517 1879 579 1923 non
602 1858 635 1921 id
654 1859 775 1924 effioere
790 1858 1020 1941 Dioaeopolim,
1042 1860 1078 1923 ut
1097 1859 1245 1935 saltetur,
1268 1856 1323 1922 sed
1347 1858 1383 1921 ut
1399 1875 1493 1920 oana-

285 1965 336 2026 tur
359 1963 392 2025 et
414 1962 496 2027 inter
519 1961 691 2026 canendum
715 1960 902 2026 discedatur.

370 2064 407 2127 Iu
433 2064 495 2128 fine
517 2064 668 2144 Equitum
690 2064 798 2128 deesse
824 2064 911 2127 ohori
935 2063 1056 2144 aliquot
1079 2080 1206 2138 versus,
1233 2061 1360 2142 quibus,
1392 2060 1495 2140 prius-

284 2185 379 2246 quam
401 2165 666 2248 profioisoeretur,
696 2164 830 2248 quidde
853 2183 934 2229 novo
957 2183 1064 2228 rerum
1087 2165 1172 2228 statu
1202 2162 1348 2238 sentiret,
1381 2162 1495 2226 dixisse
1616 2217 1622 2222 .

166 2347 169 2354 Ι
286 2267 444 2349 putandus
467 2268 524 2346 sit,
548 2268 607 2332 viri
628 2268 712 2332 dooti
734 2271 818 2332 reete
840 2268 1038 2332 monuerunt.

369 2371 439 2434 Iam
461 2389 552 2434 nemo
576 2369 650 2446 erit,
682 2371 735 2451 qui
765 2369 849 2434 dieat
875 2369 978 2434 verbis
1001 2370 1033 2432 in
1058 2372 1197 2433 extrema
1220 2367 1360 2438 Nubium
1389 2366 1497 2430 sabula

284 2472 461 2536 oollooatis:
746 2476 748 2482 ’

370 2567 496 2658 ἡγεῖσθ’
517 2568 594 2650 ἕξειν
614 2567 796 2655 κεχόρευται
815 2570 875 2657 γὰρ
897 2566 1034 2656 μετρίως
1050 2569 1089 2636 τό
1108 2593 1142 2654 χε·
1165 2565 1301 2657 τήμερον
1323 2565 1409 2656 ἡμῖν,

284 2676 486 2742 saltationem
512 2674 662 2750 dosoribi;
684 2674 781 2738 immo
805 2672 933 2739 desiisse
957 2675 1086 2739 chorum
1107 2673 1273 2739 saltatione
1288 2674 1407 2738 moveri
1425 2671 1496 2736 inde

284 2779 391 2862 colligi
413 2779 526 2860 potest.

370 2880 519 2964 antiale
539 2878 620 2944 illud
642 2897 786 2957 oarmen,
807 2881 888 2960 quod
905 2882 997 2944 Panis
1012 2880 1137 2946 tabidae
1153 2879 1237 2942 exitu
1254 2877 1389 2960 legitur,
1412 2876 1496 2940 haud

285 2984 349 3047 seio
373 3003 413 3047 an
436 2983 554 3048 saltans
576 2984 689 3048 ohorus
711 2983 873 3058 oeeinerit,
896 2983 969 3064 quin
993 3001 1067 3046 vero
1091 2983 1156 3046 tres
1175 2981 1305 3046 ultimos
1328 2997 1453 3044 versus:

631 3076 658 3148 ὦ
676 3079 803 3168 χαίρετε
823 3081 951 3168 χαίρετ’,
972 3080 1027 3148 de-

632 3188 720 3272 ὂρες,
743 3183 801 3250 κᾶν
823 3185 1008 3273 ξυνέπησθέ
1028 3211 1094 3269 μοι,

633 3290 834 3367 πλακοῦντας
853 3284 979 3368 stenae,

286 3395 400 3476 quibus
425 3395 567 3458 versibus
598 3394 746 3458 admonet
773 3391 957 3469 histriones,
986 3395 1022 3457 ut
1049 3394 1150 3475 ipsum
1174 3392 1343 3472 sequantur
1374 3391 1407 3454 et
1429 3391 1496 3471 pla·

287 3500 394 3562 oentas
419 3496 600 3572 comedant,
635 3512 695 3577 quo
724 3496 864 3578 tempore
891 3496 955 3560 iarn
985 3495 1151 3559 saltatione
1180 3494 1218 3558 ad
1246 3493 1342 3557 finem
1363 3491 1497 3556 adduota

286 3599 458 3682 gradiendo
481 3601 513 3663 et
534 3599 728 3681 prosedendo
751 3599 910 3680 inoeperat
926 3599 1117 3663 orchestram
1138 3596 1329 3677 relinquere,
1352 3596 1496 3659 eantare-

286 3704 344 3780 rit,
366 3720 428 3766 uon
451 3702 604 3784 estquod
628 3687 815 3766 dubitemus.

373 3804 474 3868 Maior
504 3801 598 3868 etiem
627 3803 675 3867 vis
703 3803 933 3886 auctoritasque
953 3803 986 3865 in
1007 3820 1043 3867 eo
1065 3803 1149 3866 inest
1171 3799 1329 3882 exemplo,
1354 3798 1438 3881 quod
1460 3817 1497 3862 ex

287 3906 409 3972 Avibus
423 3907 552 3988 petitur.
597 3905 646 3970 lbi
670 3905 769 3983 euim,
793 3925 890 3988 quum
910 3905 1016 3989 paullo
1039 3905 1111 3969 ante
1130 3923 1224 3986 quam
1238 3902 1388 3986 profectio
1404 3919 1497 3986 pare·

161 4093 164 4102 ¹
287 4012 352 4087 tur,
376 4010 590 4075 Pistheteerus
611 4010 718 4073 oanat:

633 4105 762 4194 ὄρεξον,
783 4099 809 4172 ὦ
832 4104 987 4192 μάκαιρα,
1010 4105 1068 4192 σὴν

633 4215 739 4298 χεῖρα,
760 4208 813 4299 καὶ
832 4214 960 4296 νοσερῶν
982 4207 1067 4291 ἐμῶν

634 4317 777 4396 λαβοῦσα
798 4311 1023 4398 συγχόρευσον·
1046 4307 1098 4376 αἴ-

636 4441 698 4498 ρων
717 4415 754 4482 δὲ
775 4423 899 4502 κουφιῶ
920 4413 1021 4500 σ’ἐχώ,

289 4526 355 4589 sola
370 4524 502 4600 Basilia,
526 4541 587 4586 non
608 4522 720 4585 ohorus
741 4519 781 4586 ad
804 4519 982 4585 saltandum
1002 4519 1162 4583 invitatur.
1206 4515 1384 4579 Histriones
1398 4514 1497 4598 igitur

290 4625 482 4710 aliquamdiu
505 4623 685 4701 saltavisse,
717 4623 826 4688 deinde
852 4623 957 4688 autem
981 4641 1044 4686 una
1066 4639 1139 4686 oum
1168 4620 1261 4683 ohoro
1286 4635 1394 4682 versus
1424 4617 1496 4702 illos
