3626 5382
810 424 1024 488 410...

403 591 463 657 Sed
484 595 520 658 ut
535 594 676 658 revertar
690 591 730 657 ad
752 591 847 668 illud,
869 593 952 674 quod
972 594 1050 659 mihi
1072 595 1103 658 in
1127 596 1185 660 hae
1206 593 1290 658 omni
1311 593 1522 678 disputatione

316 697 364 759 est
384 697 593 778 propositum,
618 696 764 780 quoniam
783 695 817 759 id
834 697 929 760 moris
949 717 1011 762 non
1032 697 1129 763 inisse
1148 697 1367 778 Aristophanis
1389 697 1523 762 vidimus

314 798 350 861 ut
372 798 503 864 chorum
525 799 700 864 dimitteret
722 799 907 876 saltantem,
936 819 975 864 ne
998 801 1030 864 in
1053 801 1165 884 Vespis
1189 799 1315 882 quidem
1336 820 1408 865 eum
1433 801 1522 883 quid·

314 919 407 981 quam
429 903 488 966 hae
507 902 540 966 in
558 921 592 966 re
611 902 782 968 mutavisse
797 903 875 966 mihi
889 921 1073 984 persuasum
1095 905 1152 968 est.
1197 903 1328 968 Veteres
1349 904 1432 967 enim
1447 922 1522 986 poe-

315 1005 364 1068 tas
385 1004 419 1068 in
442 1004 613 1070 exercenda
636 1007 702 1070 arte
726 1007 828 1070 certos
855 1004 1007 1087 quosdam
1032 1006 1110 1070 fines
1132 1006 1343 1087 terminosque
1365 1006 1426 1070 sibi
1449 1025 1524 1070 con-

314 1105 454 1172 stituisse
484 1126 583 1188 neque
605 1108 724 1172 temere
755 1125 807 1172 ees
829 1107 1014 1190 migravisse
1038 1109 1162 1173 constat
1183 1108 1266 1173 inter
1286 1127 1402 1172 omnes.
1447 1109 1524 1173 For-

318 1209 400 1272 sitan
432 1207 587 1293 quispiam
617 1209 744 1274 dixerit:
778 1228 880 1274 nonne
910 1210 942 1274 in
962 1211 1138 1295 vesparum
1168 1210 1276 1276 fabula
1297 1210 1524 1293 Aristophanes

313 1310 499 1376 necessitate
523 1310 657 1393 quadam
676 1313 820 1389 coactus,
845 1315 882 1378 ut
903 1313 993 1378 novis
1015 1314 1208 1396 temporibus
1227 1314 1428 1396 personisque
1457 1333 1525 1378 rem

315 1413 579 1489 accommodaret,
604 1414 642 1479 de
658 1414 707 1480 via
723 1414 915 1480 decesserit?
936 1415 1066 1481 Minim0
1084 1435 1166 1481 vero.
1192 1414 1367 1480 Persimilis
1382 1417 1431 1480 est
1442 1415 1525 1480 enim

313 1516 402 1582 chori
423 1535 495 1581 oum
516 1516 719 1582 histrionibus
747 1517 906 1583 coniuncti
933 1518 1069 1584 conditio
1098 1517 1132 1582 in
1154 1518 1239 1584 exitu
1260 1517 1523 1595 Achemenaium,

312 1617 446 1696 Avium,
468 1618 771 1698 Ecclesienusamm,
791 1639 892 1703 neque
907 1622 1013 1686 tamen
1033 1623 1126 1703 poeta
1141 1641 1160 1686 a
1175 1639 1207 1684 se
1222 1621 1392 1702 impetrare
1408 1622 1464 1704 pot
1488 1621 1521 1697 't‚

313 1724 350 1786 ut
372 1721 628 1788 consuetudinem
652 1742 714 1788 nen
734 1725 882 1790 servaret.

399 1825 517 1891 Verum
541 1827 617 1892 haec
640 1827 738 1892 missa
759 1826 858 1892 facio:
888 1827 966 1893 illud
990 1845 1121 1909 quaero,
1142 1825 1216 1910 quid
1237 1826 1302 1891 iam
1324 1826 1363 1890 de
1386 1826 1524 1890 extremo

312 1928 381 1992 leco
402 1928 576 2010 Vesperum
595 1929 797 1995 iudicandum
822 1929 872 1995 sit.

398 2029 502 2113 Atque
519 2032 553 2095 id
567 2032 694 2112 quidem
715 2033 927 2113 unusquisque
941 2050 1025 2096 nunc
1040 2030 1205 2107 concedet,
1227 2031 1393 2096 lectionem
1409 2020 1523 2112 ὀρχού-

314 2153 409 2214 μενον
431 2133 561 2198 retineri
583 2153 645 2197 uon
665 2151 773 2215 posse3
808 2133 890 2216 quod
913 2134 1064 2210 sitierat,
1096 2135 1293 2199 consuevisse
1317 2135 1429 2198 chorus
1452 2151 1523 2196 oum

314 2235 480 2300 saltatione
504 2236 589 2301 abire
609 2236 780 2312 diceretur,
803 2235 836 2300 id
852 2235 933 2318 quod
955 2237 1073 2302 abusu
1094 2237 1204 2319 poetae
1226 2235 1338 2300 oomioi
1358 2236 1523 2300 abhorrere

313 2357 407 2420 supra
430 2339 569 2404 oratione
590 2339 684 2421 plena
707 2338 996 2405 demonstravimus.
1041 2338 1264 2421 Recipiendum
1292 2339 1407 2422 igitur,
1441 2336 1523 2419 qued

313 2443 455 2524 Engerus
470 2442 632 2525 proposuit
644 2444 676 2507 et
685 2442 869 2518 Richterus‚
892 2442 1080 2520 Meinelrius‚
1096 2441 1393 2525 adprobaverunt,
1415 2429 1523 2524 ὀρχοί»

312 2563 408 2626 μενος
430 2538 536 2621 ὅστις,
557 2546 594 2609 ut
615 2545 701 2610 totus
721 2545 810 2610 loeus
831 2545 878 2610 ita
900 2544 1068 2611 vertendus
1090 2545 1147 2609 sit:
1181 2543 1258 2609 Sed
1280 2544 1316 2606 si
1337 2542 1523 2607 libenter

312 2645 503 2724 saltatis,
541 2665 658 2729 quam
688 2648 859 2730 primum
887 2665 957 2712 nos
986 2648 1100 2712 foras
1133 2646 1298 2711 eduoite
1334 2643 1406 2729 (sc.
1438 2644 1522 2708 sal·

312 2745 484 2833 tantas);
522 2748 562 2812 id
597 2748 698 2814 enim
729 2749 862 2813 adhuc
893 2767 1004 2813 nemo
1037 2749 1137 2812 feeit
1173 2745 1246 2831 (sc.
1282 2749 1327 2812 ut
1363 2747 1522 2812 saltans

313 2851 479 2916 chorum
521 2851 738 2916 abeuntem
782 2848 1020 2934 educeret),
1068 2850 1300 2932 quicunque
1341 2847 1522 2924 saltans,

311 2955 332 3016 i.
364 2974 389 3018 e.
411 2953 523 3018 inter
556 2950 790 3033 saltandu'm
825 2964 911 3044 aqum
938 2950 1148 3016 dimiserit
1177 2952 1265 3018 sive
1296 2951 1406 3016 abire
1435 2951 1522 3016 ius-

313 3056 425 3120 serit.
471 3055 573 3134 Quam
601 3056 789 3121 sententiam
811 3057 847 3119 ut
875 3055 1018 3138 pluribus
1041 3056 1142 3121 verbis
1170 3055 1338 3138 explicem,
1367 3053 1524 3136 significat

312 3160 426 3223 chorus
448 3159 568 3222 factum
598 3158 723 3239 quidem
745 3159 856 3234 antea,
887 3159 924 3221 ut
951 3157 1116 3222 histriones
1144 3158 1227 3221 inter
1253 3155 1433 3222 saltandum
1458 3152 1522 3218 dis-

315 3260 444 3325 cedendi
467 3261 632 3326 eonsilium
655 3262 973 3343 caperentsoaptum
995 3260 1248 3342 pronuntiarent,
1277 3258 1316 3324 ad
1337 3259 1371 3322 id
1390 3275 1523 3339 sequen·

314 3363 388 3427 dum
403 3382 437 3428 se
451 3363 556 3444 ipsum
576 3362 765 3438 invitarent,
788 3379 912 3441 semper
927 3362 1033 3425 autem
1054 3360 1220 3438 accidisse,
1243 3362 1280 3425 ut
1301 3359 1364 3438 illi,
1380 3358 1522 3442 quotiens

313 3468 436 3548 tempus
460 3467 543 3530 esset
558 3465 613 3529 aut
635 3481 745 3527 scenae
769 3465 825 3527 aut
846 3464 1024 3527 orchestrae
1048 3462 1321 3545 derelinquendae,
1341 3481 1439 3544 quum
1459 3459 1523 3525 sal-

311 3569 380 3632 tere
397 3566 574 3644 desiissent,
596 3565 818 3647 proficiscendo
840 3564 1049 3641 discederent3
1072 3585 1155 3631 nune
1171 3584 1260 3643 vero,
1284 3564 1431 3648 queniam
1446 3561 1523 3626 Oar-

313 3669 426 3733 einitae
446 3668 613 3732 saltatione
636 3666 881 3745 delectarentur,
907 3668 1044 3734 libenter
1071 3688 1104 3733 se
1125 3687 1193 3733 esse
1216 3685 1456 3744 concessum,
1486 3667 1523 3730 ut

312 3770 455 3836 saltando
480 3789 571 3834 suum
592 3788 706 3853 agmen
728 3771 891 3835 anteirent.

398 3873 493 3936 Dices
521 3873 660 3955 exempla
691 3871 812 3950 deesse,
846 3872 957 3955 quibus
986 3874 1065 3937 haec
1092 3893 1164 3939 mea
1186 3874 1402 3957 interpretatio
1425 3875 1524 3957 possit

312 3975 446 4060 probari.
490 3975 695 4057 Respondebo
716 3977 750 4038 in
773 3975 892 4041 Avium
914 3976 1021 4041 fabula
1043 3977 1289 4054 Pisthetaerum‚
1322 3995 1418 4058 quum
1450 3979 1522 4042 ante

311 4080 415 4162 ipsum
437 4077 524 4143 chori
547 4077 719 4143 discessum
741 4097 813 4143 oum
833 4079 953 4144 Basilia
977 4079 1136 4144 exsultans
1156 4079 1391 4162 tripudiansque
1414 4083 1522 4145 eanta-

313 4183 428 4260 vtsset,
462 4183 569 4245 tamen
599 4180 703 4262 paullo
732 4181 804 4262 post
832 4181 946 4261 pedum
967 4181 1105 4246 motibus
1129 4181 1168 4246 ad
1194 4183 1368 4264 simplicem
1390 4183 1522 4247 formam

313 4283 509 4368 ingrediendi
527 4283 681 4349 revocatis
704 4284 809 4348 avium
831 4282 925 4347 turba
945 4283 1095 4365 stipatum
1121 4283 1311 4349 discessisse.
1356 4287 1523 4348 Praeterea

314 4388 346 4450 in
368 4389 450 4452 Pace
473 4405 596 4468 queque
616 4387 650 4449 et
672 4385 785 4449 chorus
804 4387 837 4448 et
850 4385 1016 4450 histriones
1039 4389 1107 4451 tum
1128 4387 1266 4463 demum,
1289 4405 1385 4467 quum
1408 4386 1524 4451 saltare

316 4489 514 4566 destiterant,
537 4488 696 4553 theatrum
719 4485 931 4572 egrediuntur.
976 4487 1077 4566 Quare
1093 4508 1154 4554 non
1180 4491 1245 4567 est,
1267 4488 1349 4571 quod
1370 4488 1523 4571 interpre-

314 4593 467 4656 tationem
486 4591 580 4656 istam
599 4592 729 4673 probare
750 4591 894 4658 verearis.
