3626 5382
794 466 989 530 ..5-

287 632 423 704 alterum
449 654 621 718 pronomen
651 632 735 718 ὑγιεῖς
763 637 989 702 substituentis.
1036 635 1120 715 Quae
1148 638 1326 704 coniectura
1355 641 1497 720 quamuis

288 735 474 804 scholiastae
507 741 688 805 testimonio
719 740 778 804 niti
798 759 889 822 posse
914 739 1071 818 videatur,
1103 741 1156 822 qui
1178 741 1273 807 verba
1295 742 1357 806 ista
1379 739 1497 824 ἐξάγετ’

287 831 323 902 εἴ
340 862 372 902 τι
394 840 518 926 φιλεῖτε
540 843 585 908 ita
608 843 707 927 accipi
730 843 822 920 velit,
844 831 881 907 ut
902 843 987 907 idern
1009 843 1135 908 valeaut
1157 845 1250 926 atque
1272 840 1399 926 ἐξάγετε
1424 838 1494 908 ἑαν-

287 936 378 1024 τούς,
410 945 430 1012 i.
453 965 479 1009 e.
501 940 583 1028 ὑμᾶς
604 939 678 1024 ἔξω,
708 946 805 1009 miror
832 947 954 1021 tamen,
986 946 1067 1029 quod
1091 946 1187 1011 etiam
1209 947 1344 1029 Bergkio
1367 947 1499 1030 probata

288 1047 339 1111 sit.
383 1048 469 1112 Nam
495 1049 523 1113 si
553 1050 666 1114 chorus
696 1049 756 1113 hoc
785 1048 854 1112 loeo
884 1066 945 1111 non
976 1048 1014 1111 de
1042 1067 1097 1113 suo
1127 1049 1226 1132 ipsius
1256 1069 1385 1133 egressu
1411 1051 1498 1133 loqui

287 1147 466 1230 putaretur3
499 1169 577 1231 quae
603 1152 699 1216 verba
721 1153 892 1233 sequuntur
921 1150 995 1232 quid
1018 1151 1162 1216 valerent
1183 1170 1274 1216 nemo
1296 1152 1497 1236 intelligeret.

288 1251 398 1335 Neque
420 1271 494 1318 vero
514 1253 618 1316 minus
641 1253 702 1317 alia
724 1253 860 1318 Bentleii
882 1250 1057 1317 emendatio
1080 1254 1293 1338 impugnanda
1312 1255 1389 1319 mihi
1409 1255 1498 1319 vide-

288 1355 349 1420 tur.
394 1354 523 1420 Censuit
550 1357 634 1420 enim
660 1355 829 1439 legendum
857 1375 924 1420 esse
952 1348 1158 1438 ὀρχούμενον,
1192 1353 1282 1434 ὅστις
1304 1351 1496 1443 ἀπήλλαξεν,

285 1453 381 1540 χορὸν
404 1457 640 1542 τραγῳδῶν,
664 1458 776 1541 quibus
791 1458 894 1525 verbis
915 1458 1045 1522 indicari
1060 1460 1130 1523 vult
1151 1460 1346 1538 „neminem
1369 1463 1423 1542 qui
1438 1462 1498 1525 hoc

287 1559 414 1625 fecisset
437 1561 530 1624 choro
553 1561 688 1643 tragico,
719 1561 855 1627 evasisse
879 1562 899 1624 i.
924 1580 951 1623 e.
974 1563 1100 1643 impune
1122 1562 1297 1627 habuisse.“
1339 1563 1497 1643 Quantum

288 1665 394 1727 autem
416 1661 514 1726 distat
536 1663 689 1727 eiusmodi
712 1664 866 1728 sententia
887 1683 980 1746 quum
1004 1683 1022 1727 a
1043 1663 1130 1727 chori
1146 1666 1258 1729 cornici
1273 1665 1412 1729 moribus
1429 1667 1499 1729 tum

288 1786 306 1830 a
337 1785 442 1830 rerum
469 1765 528 1830 hoc
558 1767 627 1830 loco
656 1766 863 1849 gerendarum
895 1767 1022 1830 natura!
1070 1766 1173 1846 Quare
1203 1767 1371 1832 lectionem
1403 1769 1498 1832 istam

290 1886 400 1950 quam,
424 1887 519 1950 quum
534 1867 629 1932 etiam
650 1867 683 1930 in
707 1868 865 1932 nonnullis
889 1868 1046 1933 codicibus
1060 1868 1247 1947 inveniatur,
1267 1869 1388 1934 librarii
1403 1887 1498 1934 mauu

290 1970 491 2053 depravatam
514 1989 582 2035 esse
602 1989 786 2053 persuasum
808 1971 924 2048 habeo,
950 1989 1060 2048 nemo,
1088 1971 1212 2054 opinor,
1243 1972 1380 2054 recipere
1403 1973 1498 2037 susti-

288 2073 384 2138 nebit.

374 2169 528 2255 Quoniam
549 2175 647 2258 igitur
662 2176 748 2240 chori
763 2177 860 2241 verba
875 2195 937 2240 uon
953 2178 1055 2242 solum
1071 2177 1110 2242 ad
1123 2177 1311 2254 Carcinites,
1333 2178 1388 2242 sed
1403 2178 1498 2242 etiam

288 2276 452 2361 adipsum
475 2280 616 2361 spectare
645 2279 797 2366 vidimus,
828 2280 985 2361 sequitur,
1014 2282 1051 2344 ut
1080 2279 1117 2344 do
1140 2282 1186 2345 roi
1208 2281 1386 2362 propositae
1408 2281 1498 2345 novi·

287 2383 369 2460 tate,
393 2400 455 2464 qua
476 2383 596 2447 moveri
619 2400 653 2446 se
673 2381 727 2445 ille
750 2382 928 2465 profitetur,
950 2383 1126 2447 accuratius
1149 2382 1353 2466 disputemus.
1386 2385 1498 2447 Postu-

286 2484 333 2549 lat
354 2486 459 2549 autem
483 2485 595 2550 chorus
618 2485 832 2568 prioreparte
855 2486 1043 2550 sententiae:

486 2581 555 2650 ἀλλ’
578 2582 714 2669 ἐξάγετ’,
738 2579 822 2648 εἴτι
845 2586 961 2670 φιλεῖτ’
983 2577 1181 2670 ὀρχούμενοι,
1202 2581 1321 2671 θύραζε

484 2684 569 2775 ἡμᾶς
587 2683 675 2768 ταχύ,

287 2796 323 2859 ut
352 2793 535 2870 saltatores,
570 2793 598 2857 si
626 2792 752 2874 quidem
781 2791 915 2857 libenter
944 2791 1076 2869 saltent,
1109 2780 1213 2874 ipsum
1243 2812 1335 2875 quam
1364 2792 1499 2873 primum

288 2898 372 2962 foras
395 2896 537 2961 educant.
581 2894 649 2974 Quo
669 2896 737 2960 loco
760 2895 960 2979 participium
984 2889 1165 2980 ὀρχούμενοι
1182 2897 1289 2960 utrum
1311 2894 1351 2959 ad
1373 2889 1500 2976 ἐξάγετε

288 3001 423 3076 referas,
446 2999 478 3063 id
499 2999 580 3081 quod
603 2999 738 3081 Bergkio
758 2998 861 3062 facere
881 2998 1015 3080 placuit,
1038 3017 1078 3062 an
1098 2997 1138 3062 ad
1159 2998 1300 3084 φιλεῖτε,
1320 3017 1400 3079 quae
1422 2995 1501 3061 alio·

289 3122 360 3167 rum
384 3101 541 3167 sententia
564 3102 627 3178 est,
657 3121 695 3166 ne
717 3099 769 3164 diu
793 3101 930 3166 haesites
952 3119 1014 3165 non
1037 3101 1152 3165 metuo.
1176 3100 1281 3165 ‘Nam
1302 3119 1399 3182 quum
1418 3099 1501 3164 inter

288 3207 456 3288 utramque
479 3203 633 3269 rationem
654 3201 881 3287 interpretandi
901 3203 932 3266 id
956 3203 1143 3268 discriminis
1169 3205 1309 3280 intersit,
1341 3204 1378 3266 ut
1397 3201 1500 3268 verbis

289 3301 376 3371 εἴτι
398 3307 539 3392 φιλεῖτε,
570 3325 665 3389 quae,
699 3325 794 3388 quum
818 3325 873 3388 per
892 3325 924 3370 se
948 3307 1016 3370 sola
1043 3305 1179 3390 intelligi
1205 3326 1266 3370 non
1293 3307 1429 3389 possint,
1461 3305 1501 3369 ad

290 3411 411 3492 reliqua
441 3410 551 3474 referri
580 3427 707 3474 necesse
741 3410 806 3486 est,
834 3409 915 3473 uelle
939 3409 1111 3474 Carcinites
1134 3408 1276 3474 saltando
1309 3409 1501 3472 orchestram

290 3513 398 3597 egredi
414 3513 607 3596 significetur
623 3549 663 3558 —
680 3529 759 3593 quae
776 3511 901 3594 quidem
916 3530 966 3575 res
981 3511 1081 3576 futilis
1100 3513 1148 3576 est
1164 3514 1195 3575 et
1216 3509 1442 3586 commenticia,
1459 3545 1501 3554 —-

291 3618 340 3681 sin
364 3618 470 3682 autem
492 3633 585 3681 voces
608 3608 642 3678 εἴ
658 3637 692 3677 τι
721 3613 838 3700 φιλεῖτ’
868 3603 1055 3695 ὀρχούμενοι
1081 3615 1162 3678 inter
1190 3633 1223 3679 se
1253 3630 1404 3677 connexas
1433 3628 1501 3675 esse

290 3718 386 3796 velis,
417 3717 497 3782 nihil
521 3718 606 3783 aliud
629 3717 751 3782 dicatur
773 3717 850 3781 nisi:
884 3719 910 3781 si
934 3716 1059 3798 quidem
1084 3717 1258 3782 Carcinitae
1281 3714 1415 3779 libenter
1436 3713 1500 3777 sal-

262 3823 360 3886 ·tent
387 3859 429 3868 -
454 3819 487 3884 id
517 3819 734 3902 quadrarum
763 3839 831 3884 esse
858 3822 952 3884 antea
979 3819 1268 3884 demonstraverant
1296 3855 1338 3863 -
1371 3817 1501 3879 chorum

291 3923 396 4007 ipsum
419 3923 630 3989 discedentem
661 3923 813 3988 saltantes
844 3921 994 3999 educant,
1027 3941 1122 4003 quum
1151 3922 1249 4004 igitur
1272 3921 1397 4000 tantum
1418 3919 1501 3982 inter
1576 3939 1581 3944 ·

290 4031 455 4109 utramque
479 4028 645 4094 verborum
675 4025 955 4090 conformationem
984 4024 1125 4100 intersit,
1156 4024 1255 4088 inciso
1277 4022 1360 4104 quod
1389 4020 1502 4085 dicitur

292 4130 394 4195 deleto
423 4131 518 4196 verba
545 4124 580 4194 τῖ’
604 4150 637 4193 τι
659 4127 774 4214 φιλεῖτ’
797 4117 980 4212 ὀρχούμενοι
1000 4126 1084 4191 inter
1110 4145 1142 4190 se
1166 4127 1330 4191 cohaerere
1353 4124 1501 4188 dicemus.

292 4233 381 4312 Quod
403 4233 569 4315 quominus
591 4232 648 4296 fiat
670 4229 885 4314 grammaticis
913 4229 1032 4313 regulis
1060 4246 1121 4292 non
1143 4227 1319 4310 impeditur.
1363 4225 1508 4288 Verbum

292 4337 376 4400 euim
405 4335 512 4420 φιλεῖν
540 4354 634 4418 quum
655 4333 695 4398 ad
718 4331 957 4397 similitudinem
981 4351 1093 4397 vocum
1112 4331 1238 4395 illarum
1259 4324 1405 4410 cipando,
1430 4324 1502 4405 χαί-

292 4461 374 4522 ρειν,
407 4433 547 4522 ἥδεσθαι
577 4437 720 4512 accedat,
755 4452 831 4515 quas
860 4453 953 4500 voees
975 4434 1138 4516 partieipia
1161 4433 1249 4513 sequi
1275 4449 1325 4494 res
1347 4433 1422 4494 nota
1445 4433 1502 4508 est,

292 4543 362 4605 tum
384 4541 467 4623 apud
489 4541 591 4624 ipsum
607 4539 850 4620 Aristophanem
873 4539 935 4602 alio
956 4555 1075 4620 quoque
1096 4536 1164 4600 loco
1187 4553 1258 4598 cum
1280 4532 1444 4616 participio
1459 4533 1503 4596 ita

293 4644 501 4728 coniungitur,
530 4643 568 4706 ut
590 4642 629 4706 ab
649 4659 685 4705 eo
708 4640 827 4706 secerni
849 4659 911 4705 non
927 4639 1034 4722 possit
1078 4638 1161 4704 Nam
1176 4635 1266 4704 Cario
1282 4655 1390 4703 servus
1406 4655 1502 4717 quum
