3626 5382
807 390 1000 452 -6,..

298 563 331 626 in
352 561 440 628 Pluti
461 560 586 627 fabulae
609 583 637 627 u.
655 566 716 626 644
733 579 779 644 sq.
799 559 965 626 mulierem
986 559 1090 626 vinum
1112 561 1277 642 apportare
1297 557 1386 624 iubet
1405 555 1508 622 erula-

298 682 401 728 nuans:
438 677 441 682 ’
515 677 635 758 ταχέως
656 677 777 759 ταχέως
799 677 869 765 φέρ’
891 670 986 760 οἶνον,
1009 671 1037 742 ὦ
1059 675 1213 758 δέσποιν’,
1236 678 1289 742 ἵνα

514 772 614 867 κεδνὴ
638 779 734 868 πίῃς·
756 782 863 866 φιλεῖς
885 778 922 845 δὲ
943 781 1036 864 δρῶδ
1060 773 1137 847 αὐτὸ
1161 776 1308 868 σφόδρα·

298 902 503 967 libentissimo
524 920 593 966 eam
615 902 647 965 id
668 903 772 966 facere
792 901 936 968 affirmat.

386 1003 447 1070 Sed
469 1005 562 1069 nimis
590 1006 706 1082 multa;
740 1007 940 1087 perspicuum
968 1006 1017 1070 est
1038 1005 1121 1069 enim
1144 1007 1288 1081 chorum,
1317 1025 1412 1088 quum
1440 1025 1510 1086 per-

300 1125 427 1172 suasum
441 1109 571 1174 haberet
583 1107 756 1173 Carcinites
773 1107 908 1173 saltandi
924 1108 1085 1189 voluptate
1102 1109 1208 1190 captos
1223 1108 1333 1185 teneri,
1354 1101 1511 1173 monuisse

300 1229 371 1287 eos,
401 1212 437 1276 ut
466 1211 618 1276 saltantes
648 1212 809 1292 cumipse
834 1212 1026 1275 orchestram
1049 1210 1268 1292 relinquerent.
1312 1211 1382 1294 lpse
1404 1213 1511 1274 utrum

300 1313 445 1378 saltando
473 1332 514 1378 an
542 1313 643 1377 eundo
671 1311 830 1378 discedere
856 1314 889 1376 in
920 1313 1023 1377 animo
1054 1313 1199 1388 haberet,
1232 1331 1295 1377 non
1321 1311 1414 1389 dixit,
1451 1313 1511 1376 nisi

300 1415 380 1480 forte
399 1416 564 1500 propterea
588 1415 670 1498 quod
688 1416 855 1480 ‘saltatores
880 1415 1024 1480 saltando
1049 1417 1179 1480 chorum
1202 1415 1332 1480 educere
1354 1415 1510 1492 iubentur,

300 1519 383 1582 hunc
401 1517 504 1598 ipsum
527 1535 648 1600 quoque
668 1520 856 1582 saltaturum
877 1517 975 1583 fuisse
999 1517 1163 1582 oredimus.

387 1619 534 1702 Sequitur
556 1622 593 1684 ut
615 1618 652 1683 de
678 1619 799 1702 reliqua
821 1623 909 1702 parte
933 1620 1106 1685 sententiae
1132 1618 1299 1684 dicendum
1319 1619 1369 1684 sit.
1413 1617 1512 1685 Addit

301 1723 407 1786 autem
428 1723 484 1801 iis,
504 1743 582 1806 quae
606 1726 698 1788 antea
721 1726 938 1808 cognovimus,
963 1726 1075 1788 chorus
1097 1724 1190 1787 haec:

603 1845 698 1907 τοῦτο
719 1841 780 1930 γὰρ
803 1835 908 1920 οὐδείς
928 1867 983 1907 πω
1003 1838 1109 1928 πάρος
1132 1839 1291 1927 δέδρακεν,

472 1935 665 2030 ὀρχούμενον
688 1941 779 2024 ὅστις
802 1941 983 2032 ἀπήλλαξεν
998 1945 1094 2030 χορὸν
1112 1946 1290 2030 τραγῳδῶν.
1427 1965 1430 1976 ⁴

302 2081 370 2159 Quo
393 2079 518 2163 quidem
547 2080 616 2145 loco
647 2074 834 2164 ὀρχούμενον
865 2082 969 2165 legas,
999 2100 1077 2164 quae
1103 2080 1197 2146 lectio
1225 2081 1355 2163 vulgata
1378 2083 1438 2158 est,
1473 2101 1513 2146 an

301 2173 499 2267 opportunos,
536 2184 619 2264 quod
639 2185 781 2266 Engerus
801 2185 951 2260 coniecit,
982 2184 1152 2266 plurimum
1180 2184 1320 2250 interest.
1374 2184 1457 2250 Nam
1487 2185 1514 2248 si

302 2285 472 2350 accusativi
500 2286 634 2350 formam
660 2287 896 2364 retinuerimus,
925 2289 1007 2352 hunc
1028 2288 1094 2352 fere
1117 2288 1150 2350 in
1172 2286 1301 2351 modum
1324 2287 1512 2352 sententiam

301 2388 593 2470 interpretabimur:
622 2390 681 2454 hoc
712 2391 793 2454 onim
817 2392 948 2456 antehac
971 2410 1060 2456 nemo
1082 2390 1279 2472 periclitatus
1302 2391 1366 2467 est,
1393 2390 1513 2454 saltan-

301 2492 366 2554 tem
397 2493 434 2554 ut
466 2491 640 2557 dimitteret
659 2493 849 2559 comicorum
879 2495 1025 2570 chorum3
1063 2495 1111 2558 sin
1142 2495 1248 2558 autem
1281 2493 1380 2558 altera
1413 2494 1514 2558 forma

301 2593 402 2676 magis
425 2594 595 2675 placuerit,
625 2595 730 2661 locum
752 2599 797 2662 ita
819 2597 885 2662 fero
908 2599 1082 2662 vertemus:
1117 2597 1302 2681 quicumque
1323 2596 1514 2661 comicorum

302 2696 432 2760 chorum
456 2697 609 2763 dimiserit
633 2698 752 2764 saltans
775 2699 841 2766 sive
863 2701 946 2763 inter
969 2693 1164 2776 saltandum,
1193 2699 1333 2764 nondum
1355 2718 1427 2764 eum
1450 2698 1513 2763 sal-

303 2797 397 2863 tando
427 2799 542 2865 eduxit.
587 2801 654 2866 Iam
681 2821 754 2866 vero
778 2801 939 2882 quaeritur
966 2803 1038 2866 utra
1066 2801 1283 2882 interpretatio
1306 2801 1370 2864 utri
1391 2802 1513 2883 praefe-

302 2902 399 2966 renda
427 2903 477 2967 sit.
522 2903 571 2967 Aa
603 2905 631 2967 si
658 2903 831 2968 orationem
861 2904 1061 2986 respicimus,
1097 2906 1229 2985 utraque
1258 2903 1384 2984 quidem
1410 2905 1514 2980 lectio,

302 3004 403 3068 multo
425 3007 532 3068 tamon
555 3006 678 3070 facilius
702 3005 869 3070 emendata
897 3025 991 3088 quam
1014 3006 1145 3090 vulgata
1171 3005 1247 3069 ferri
1273 3007 1387 3089 potest.
1431 3007 1515 3071 Nam

303 3105 477 3182 sicherus,
514 3105 566 3186 qui
598 3106 690 3170 modo
714 3107 889 3174 Carcinites
920 3109 1103 3178 adhortatus
1131 3111 1214 3187 erat,
1249 3109 1285 3172 ut
1311 3107 1453 3173 saltando
1481 3128 1515 3174 so

303 3206 600 3288 praegrederentur‚
628 3207 660 3270 id
684 3209 840 3274 neminem
869 3213 979 3290 antea,
1008 3211 1059 3294 qui
1083 3212 1201 3276 saltans
1223 3213 1351 3275 chorum
1375 3210 1514 3276 dimitte-

303 3310 368 3386 ret,
400 3309 511 3374 fecisse
535 3307 627 3388 dicit,
654 3313 813 3392 pertinent
835 3332 914 3394 quae
938 3317 1110 3395 sequuntur
1141 3314 1180 3378 ad
1206 3333 1260 3390 ea,
1286 3332 1365 3396 quae
1388 3316 1512 3380 antece-

305 3411 401 3488 dunt,
431 3411 633 3496 inprimisque
654 3432 824 3494 pronomen
846 3420 956 3496 rodco,
985 3435 1063 3498 quae
1085 3417 1211 3497 quidam
1233 3416 1300 3481 cius
1321 3417 1447 3500 propria
1466 3417 1512 3480 vis

304 3515 367 3590 est,
390 3513 430 3577 ad
452 3532 503 3577 res
525 3515 616 3579 modo
640 3516 795 3598 expositas
818 3519 953 3600 spectat,
973 3519 1021 3583 ita
1041 3520 1077 3583 ut
1092 3518 1155 3583 Jul.
1170 3519 1299 3584 Richter
1319 3518 1359 3582 ad
1378 3515 1513 3603 δέδρακε

303 3615 396 3679 facile
419 3616 563 3698 supplere
585 3618 737 3698 potuerit:
767 3615 851 3683 ὥστε
872 3611 1059 3704 ὀρχούμενος
1082 3617 1251 3704 ἐξαγαγεῖν.

391 3734 428 3796 In
443 3735 613 3800 maioribus
628 3739 733 3804 autem
755 3757 805 3804 res
828 3744 876 3804 est
899 3739 1153 3818 difficultatibus,
1176 3742 1203 3805 si
1218 3740 1385 3804 lectionem
1400 3739 1511 3822 uulga-

304 3839 371 3902 tam
386 3838 565 3902 retinemus.
612 3841 791 3909 Mirandum
809 3843 893 3909 enirn
908 3843 990 3926 quod
1006 3843 1108 3908 subito
1128 3844 1273 3907 saltantis
1291 3844 1378 3907 chori
1393 3841 1510 3906 mentio

303 3939 376 4016 fiat,
405 3958 501 4021 quum
524 3940 557 4005 id
587 3943 728 4010 futurum
751 3965 819 4012 esse
842 3965 1037 4030 nequaquam
1061 3946 1205 4028 opinatus
1227 3947 1286 4024 sis,
1314 3963 1413 4026 neque
1437 3962 1511 4007 vero

305 4039 445 4124 expedite
473 4045 568 4108 verba
595 4037 699 4123 οὐδείς
730 4070 784 4111 πω
809 4048 914 4135 πάρος
940 4045 1103 4135 δέδρακεν,
1138 4043 1229 4124 ὅστις
1256 4037 1437 4132 ἀπήλλαξα
1465 4045 1512 4110 ita

304 4145 387 4210 inter
409 4163 442 4208 se
465 4147 612 4232 coniungi
632 4155 779 4232 possunt,
809 4155 846 4218 ut
874 4173 943 4218 eam
966 4151 1153 4218 sententiam
1183 4151 1379 4229 contineant,
1417 4170 1512 4233 quam

303 4248 406 4312 inesse
428 4247 460 4312 in
480 4249 521 4314 iis
543 4250 683 4335 plerique
700 4257 835 4320 censent.
867 4256 939 4319 illic
954 4256 1052 4338 igitur
1067 4254 1119 4319 via
1134 4256 1166 4319 et
1181 4253 1317 4330 ratione,
1340 4254 1392 4318 lric
1406 4254 1512 4337 impli-

303 4349 363 4412 cite
387 4352 419 4413 et
441 4351 621 4420 abscondito
643 4357 742 4422 oratio
765 4359 973 4441 progreditur.

389 4451 458 4518 Iam
479 4474 553 4522 vero
576 4457 638 4524 alio
661 4477 758 4542 eoque
779 4462 923 4544 graviore
946 4461 1130 4544 argumento
1156 4458 1189 4523 id
1210 4457 1291 4542 quod
1314 4456 1408 4540 vrrlgo
1430 4456 1511 4540 legi-

302 4568 354 4632 tur
375 4571 481 4652 potest
503 4570 614 4637 refelli.
657 4567 747 4657 Quod
771 4567 853 4633 euim
876 4565 971 4631 schol.
996 4564 1085 4629 dicit:
1106 4559 1283 4648 εἰσέρχεται
1297 4558 1356 4644 γὰρ
1376 4552 1394 4623 ὁ
1415 4556 1511 4642 χορὸς
