3626 5382
787 452 981 515 „9-

280 625 374 704 atque
405 642 530 700 eorum,
566 623 620 703 qui
655 623 749 687 111111
780 623 946 705 leguntur,
977 623 1024 686 ita
1052 623 1089 685 ut
1118 623 1158 686 ab
1186 622 1225 686 iis
1255 621 1346 686 facile
1370 621 1491 704 possint

234 717 238 720 ’
281 726 410 809 seiungi.
455 726 522 804 Quo
546 725 629 792 facto
655 725 755 790 dicere
777 724 886 790 licebit
909 727 1037 791 chorum
1058 743 1156 808 usque
1185 724 1225 790 ad
1245 725 1340 791 verba
1362 716 1490 808 αἴρεσθ’

279 822 361 907 dvo,
385 822 449 907 ἰαί,
473 823 522 892 ἰαί
545 829 690 892 choream
713 826 849 904 duxisse,
874 827 1001 908 deinde,
1027 847 1123 911 quum
1143 829 1208 893 tres
1230 826 1359 892 ultimos
1381 844 1490 892 versus

281 932 421 1008 caneret,
451 931 567 996 usitato
590 949 675 995 more
704 930 743 995 ab
773 928 870 995 oculis
900 931 1112 1012 spectatorum
1132 930 1304 995 recessisse.
1349 926 1434 1006 Quae
1463 927 1491 992 si

279 1035 364 1099 reete
386 1033 545 1114 disputata
564 1035 653 1110 sunt,
676 1031 920 1116 Aristophanem
940 1033 993 1098 hic
1012 1051 1137 1116 quoque
1156 1032 1265 1098 eodem
1282 1031 1375 1096 modo
1397 1033 1489 1112 atque

281 1135 359 1200 alias
381 1135 523 1200 fabulam
542 1134 581 1199 ad
603 1135 697 1198 finem
719 1134 883 1200 adduxisse
906 1136 1011 1216 potest
1033 1134 1192 1200 affirmari

367 1254 497 1331 Restat,
528 1255 564 1319 ut
591 1254 631 1318 de
652 1253 739 1319 Pluti
770 1254 854 1318 exitu
884 1254 980 1318 verba
1006 1253 1167 1318 faciamus.
1212 1252 1279 1332 Quo
1301 1253 1370 1319 loeo
1394 1271 1490 1336 quum

208 1365 209 1370 ’
280 1359 373 1420 canat
394 1357 524 1421 chorus:

367 1478 422 1552 οὐκ
444 1481 494 1552 ἔτι
514 1483 622 1553 τοίνυν
645 1483 730 1566 εἰκὸς
751 1486 879 1570 μέλλειν
902 1483 968 1553 οὐδ’
990 1483 1091 1574 ἡμᾶς,
1113 1480 1180 1552 ἀλλ’
1202 1477 1374 1574 ἀναχωρεῖν

365 1585 412 1666 εἰς
432 1585 629 1655 τοῦπισθεν·
651 1590 701 1655 δεῖ
720 1587 779 1675 γὰρ
801 1585 942 1658 κατόπιν
960 1584 1081 1656 emicone
1103 1586 1242 1679 ᾅδοντας
1260 1587 1415 1670 ἕπεσθαι,

279 1724 331 1787 hic
352 1741 474 1808 quoque
495 1726 532 1788 ut
555 1724 677 1806 saepius
699 1724 737 1788 de
760 1727 854 1788 cantu
875 1725 994 1790 mentio
1017 1724 1069 1802 fit,
1094 1723 1131 1790 de
1154 1724 1321 1790 saltatione
1344 1724 1463 1788 siletur.

367 1857 486 1938 Quibus
507 1860 600 1923 rebus
624 1859 770 1941 expositis
786 1861 863 1925 satis
879 1860 1020 1926 docuisse
1036 1860 1160 1939 videor,
1184 1879 1256 1924 eum
1270 1859 1384 1924 habere
1398 1859 1488 1922 labu-

279 1961 328 2025 las
342 1960 588 2043 Aristophaneas
604 1962 730 2039 exitum,
743 1964 780 2026 ut
795 1964 963 2028 choreutae
977 1963 1091 2044 quique
1108 1981 1160 2028 eos
1176 1962 1347 2045 sequuntur
1361 1959 1489 2026 histrio-

280 2082 337 2127 nes
358 2061 582 2147 progrodiendo
605 2062 775 2129 discedant
821 2063 911 2144 Quod
937 2068 974 2131 ut
996 2084 1106 2132 verum
1130 2083 1197 2130 esse
1219 2066 1364 2150 putemus
1393 2061 1489 2128 etiam

279 2167 402 2230 veteres
424 2184 481 2230 nos
504 2168 646 2243 movent,
676 2167 846 2250 exquibus
876 2169 929 2250 qui
957 2168 1017 2233 hac
1049 2167 1086 2232 de
1118 2167 1367 2252 rescripserunt
1394 2166 1489 2230 cantu

279 2267 404 2350 quidem
427 2268 544 2334 exitum
567 2269 671 2334 ornari
692 2269 807 2347 velint,
830 2269 868 2333 de
889 2269 1055 2336 saltatione
1074 2271 1180 2344 autem
1200 2269 1279 2336 nihil
1299 2287 1488 2334 commemo-

278 2373 358 2436 rent.
403 2371 551 2454 Legimus
574 2371 657 2436 enim
680 2372 761 2455 apud
784 2372 905 2438 Pollue.
920 2373 975 2450 IV,
1001 2379 1080 2438 108:
1111 2371 1166 2437 aut
1187 2368 1286 2455 μέλος
1307 2368 1344 2436 δέ
1364 2394 1398 2434 τι
1419 2361 1488 2448 ἐξό-

281 2472 370 2555 διον,
409 2463 429 2538 ὃ
457 2466 597 2552 ἐξιόντες
624 2465 717 2561 ᾖδον,
756 2476 788 2539 11
816 2475 849 2538 in
880 2475 998 2540 scholio
1026 2475 1162 2558 quodam
1184 2477 1223 2541 ad
1241 2476 1336 2557 Vesp.
1359 2494 1389 2538 1.
1407 2480 1488 2538 270:

278 2573 319 2640 τὰ
346 2573 382 2641 δὲ
412 2571 541 2654 ἐξοδικὰ
569 2571 590 2661 ἢ
616 2570 859 2660 ὕπαχωρητικᾶ,
896 2572 980 2661 ὅπερ
1010 2573 1069 2640 ἐπὶ
1090 2580 1129 2664 τῇ
1154 2572 1256 2662 ἐξόδῳ
1276 2579 1334 2641 ταῦ
1355 2568 1488 2656 δράμα-

278 2699 334 2754 τος
368 2673 496 2764 ᾄδεται,
536 2673 578 2754 ὥς
605 2675 639 2742 ἐν
667 2680 714 2762 τῷ
741 2675 890 2743 Πλούτου
918 2675 1058 2761 δράματι
1088 2678 1126 2745 τὸ
1156 2670 1314 2758 ,,οὗκε’τι“
1351 2703 1378 2743 κ.
1403 2700 1430 2741 a.
1461 2675 1487 2740 1

280 2780 366 2859 Quae
399 2799 494 2864 quum
525 2780 572 2846 ita
606 2781 685 2858 sint,
720 2782 826 2864 eequis
859 2781 995 2862 dubitet,
1036 2783 1112 2866 quin
1139 2784 1226 2848 recte
1254 2781 1427 2847 affirmetur
1455 2779 1488 2841 in

283 2883 380 2948 schol.
417 2882 457 2948 ad
490 2883 582 2966 Vesp.
614 2906 643 2950 1.
667 2891 769 2948 13361
812 2877 989 2969 εἰσέρχεται
1021 2882 1081 2971 γὰρ
1113 2879 1131 2950 ὁ
1161 2881 1258 2971 χορὸς
1290 2877 1487 2968 ὀρχούμενος,

280 2975 430 3066 οὐδαμῶς
453 2983 489 3050 δὲ
510 2981 668 3070 ἐξέρχεται
700 2979 1016 3073 (11.11ρχούμενος).1
1064 2988 1166 3068 Quam
1196 2988 1235 3053 ob
1261 3005 1330 3052 ram
1351 3004 1413 3050 non
1440 2987 1488 3047 cst

278 3089 469 3172 perieulum,
505 3109 545 3153 ne
574 3108 652 3172 quae
683 3090 857 3156 sententiae
888 3092 1060 3156 recentiore
1091 3094 1194 3156 aetate
1223 3092 1262 3156 ab
1291 3089 1355 3153 illis
1376 3087 1493 3170 ‘diver-¹

279 3209 332 3255 sae
361 3190 502 3271 prolatae
535 3192 623 3268 sunt,
660 3191 772 3257 animis
806 3193 922 3257 uostris
952 3194 1051 3259 ullam
1087 3194 1216 3258 iniciant
1252 3192 1487 3258 dubitationem.

278 3292 472 3375 Quicumque
516 3294 598 3358 enim
636 3295 731 3359 aliam
769 3296 924 3360 rationem
966 3297 1124 3378 sequitur,
1169 3315 1269 3379 neque
1311 3292 1487 3360 comoedias

276 3397 362 3479 ipsas
383 3413 484 3478 neque
504 3413 582 3477 quae
604 3398 726 3461 1111111
749 3395 787 3462 de
809 3397 848 3462 iis
873 3398 1079 3480 scripserunt,
1111 3398 1188 3464 satis
1211 3398 1356 3463 accurate
1383 3396 1486 3478 inspe=

277 3499 330 3562 xit
387 3497 563 3564 Annotavit
599 3500 719 3577 autem,
766 3502 802 3565 ut
836 3501 986 3566 nonnulla
1022 3502 1163 3586 exempla
1198 3501 1371 3585 proferam,
1411 3498 1486 3562 Flo·

277 3619 348 3665 rens
370 3600 564 3666 Christianus
592 3601 631 3666 ad
653 3602 746 3686 Vesp.
773 3622 802 3667 1.
822 3609 924 3668 15371
963 3654 981 3683 „
991 3594 1095 3680 οὐδείς
1119 3625 1175 3668 πω
1206 3597 1323 3687 πάρος.
1367 3601 1487 3666 Chorus

278 3703 362 3767 enim
391 3703 569 3786 ingrediens
601 3703 701 3768 saltus
731 3702 860 3782 edebat,
894 3724 1055 3788 uunquam
1083 3707 1254 3790 egrediens.
1306 3705 1348 3769 nt
1379 3705 1487 3768 tamen

200 3852 202 3863 .
276 3805 310 3868 in
339 3804 456 3870 erodiis
487 3805 655 3870 saltabant
710 3807 866 3872 Firmious
901 3807 971 3873 libr.
995 3809 1053 3873 VI:
1094 3809 1157 3889 Qut
1189 3812 1326 3873 ceteram
1356 3805 1485 3887 fobeto-

276 3927 350 3970 rara
371 3908 476 3972 1111111
497 3908 656 3974 11111111
682 3909 836 3976 saltantes
857 3911 1031 3979 1111111111.
1075 3911 1176 3977 Vocat
1198 3912 1281 3976 enim
1305 3907 1347 3974 τὰ
1366 3901 1484 3987 ereata,

276 4011 377 4075 exitus
403 4009 581 4076 fabularum
590 4015 624 4089 “3
654 4013 687 4076 et
707 4013 741 4076 F.
764 4013 799 4076 L.
822 4014 952 4079 Mareou
973 4015 1006 4079 in
1029 4034 1065 4080 so
1095 4015 1173 4078 libro
1201 4015 1254 4098 qui
1276 4014 1314 4078 de
1337 4015 1432 4077 choro
1454 4009 1487 4074 et

277 4114 414 4178 carmine
436 4114 535 4199 lyrico
557 4115 641 4197 apud
663 4114 823 4198 Aristoph.
852 4115 1022 4199 inscriptus
1045 4119 1108 4194 est,
1130 4138 1160 4201 p.
1177 4123 1237 4194 20,
1258 4118 1304 4181 ita
1324 4111 1486 4179 disseruit:

277 4213 390 4293 „Quae
412 4216 451 4280 ad
473 4205 675 4286 saltationem
695 4218 783 4281 chori
801 4217 963 4283 desinente
983 4219 1089 4284 fabula
1110 4220 1285 4302 pertinent,
1315 4237 1352 4282 ea
1374 4232 1486 4300 parum

276 4320 420 4383 constare
452 4318 531 4383 mihi
563 4319 716 4385 videntur.
775 4320 984 4387 Recedentem
1018 4323 1148 4388 chorum
1181 4339 1339 4402 nunquam
1369 4318 1485 4382 saltare

276 4420 460 4486 scholiastes
488 4419 542 4506 (ad
563 4421 656 4504 Vesp.
678 4421 711 4486 in
734 4422 825 4508 fine),
859 4426 970 4489 chorus
1001 4427 1068 4508 ipse
1094 4427 1170 4489 tuno
1200 4444 1232 4489 se
1259 4422 1375 4488 saltare
1396 4417 1486 4501 quasi

275 4522 362 4588 nefas
382 4522 475 4599 dieit;
498 4524 531 4588 in
554 4525 672 4592 1111111.
696 4526 800 4591 tamen
823 4525 938 4590 saliens
962 4527 1025 4590 exit
1047 4527 1086 4592 ad
1109 4526 1220 4610 dapes:
1242 4525 1331 4591 deest
1349 4522 1484 4589 iambica

274 4623 308 4687 in
327 4625 376 4690 his
399 4625 609 4693 conclusio?“
