3626 5382
383 1593 476 1690 Quae
506 1624 539 1686 in
568 1624 707 1687 extrema
730 1621 903 1706 Vesparum
925 1621 1032 1688 fabula
1054 1623 1091 1688 de
1115 1625 1202 1689 ahori
1232 1627 1317 1690 statu
1342 1629 1374 1690 ot
1398 1627 1506 1690 eondi-

295 1725 380 1790 tione
410 1726 573 1802 dicuntur,
607 1726 645 1790 ab
674 1743 733 1790 usu
763 1725 840 1789 artis
867 1725 1019 1802 comicae,
1053 1745 1130 1807 quae
1161 1726 1288 1808 quidem
1317 1727 1349 1790 in
1379 1727 1507 1810 reliquis

295 1827 411 1892 fabulis
439 1831 590 1910 usurpata
613 1829 729 1903 exstat,
758 1829 835 1892 satis
857 1828 994 1893 multum
1015 1828 1162 1894 videntur
1183 1830 1361 1894 abhorrere.
1406 1831 1507 1895 Acoe-

286 1929 358 2020 'dit,
381 1930 464 2011 quod
484 1931 654 1994 lectionum
675 1931 828 2008 varietas,
851 1950 888 1995 ex
910 1950 971 2012 qua
992 1930 1135 1996 diversae
1158 1933 1319 1998 hominum
1342 1933 1506 1998 doctorum

297 2031 568 2114 discrepantesque
591 2033 764 2098 sententiae
794 2033 879 2098 nasei
915 2035 1032 2111 solent,
1071 2034 1133 2098 looi
1165 2037 1249 2099 reate
1281 2036 1506 2120 interpretandi

295 2133 516 2200 difficultatem
543 2138 646 2218 auget.
692 2135 761 2216 Qua
783 2155 817 2199 re
840 2136 909 2200 fieri
937 2155 999 2200 non
1027 2136 1144 2218 potuit,
1179 2137 1253 2222 quin
1276 2137 1330 2202 alii
1353 2138 1445 2203 aliter
1469 2137 1506 2202 de

293 2236 414 2300 ultimis
437 2239 579 2303 versibus
606 2237 796 2315 iudicarent,
828 2257 927 2320 nequo
956 2257 1030 2303 vero
1052 2240 1245 2317 mirandum,
1281 2239 1362 2322 quod
1386 2241 1506 2306 exstit't

293 2358 406 2420 nuper,
430 2341 483 2423 qui
505 2342 609 2416 totum
630 2342 735 2404 losum
757 2359 813 2424 pro
836 2343 941 2424 spurio
962 2343 1101 2406 haberet.
1145 2344 1303 2408 Brentano
1325 2344 1423 2421 enim,
1452 2346 1506 2426 qui

218 2479 220 2482 ·
292 2443 340 2508 vir
361 2443 394 2506 in
417 2461 453 2507 eo
472 2443 570 2521 libro,
599 2463 691 2526 quern
714 2443 753 2507 de
773 2444 965 2509 Graecorum
989 2447 1075 2527 poesi
1098 2445 1222 2510 scenica
1244 2463 1325 2510 anno
1348 2447 1504 2530 superiore

292 2545 490 2628 conseripsit,
509 2565 606 2627 quum
629 2545 667 2610 de
689 2545 761 2611 aliis
780 2546 1001 2629 Aristophanis
1023 2548 1137 2612 fabulis
1157 2551 1227 2613 tum
1243 2548 1280 2613 de
1297 2548 1408 2630 Vespis
1423 2550 1504 2614 mira

290 2666 327 2710 ae
356 2666 455 2730 paene
484 2648 626 2713 inaudita
656 2648 816 2731 disputare
848 2668 940 2714 ausus
974 2652 1037 2726 est,
1075 2653 1240 2732 postquam
1275 2651 1378 2716 neseio
1411 2663 1503 2734 quem

290 2752 459 2832 genuinam
482 2751 702 2834 Aristophanis
723 2751 863 2816 fabulam
888 2754 1005 2817 temore
1026 2754 1119 2834 atque
1142 2744 1260 2818 insulse
1283 2755 1502 2818 retractauisse

289 2855 540 2935 retraetataeque
570 2853 767 2920 foedissimas
802 2854 993 2937 adspersisse
1023 2855 1165 2919 mapulas
1193 2853 1379 2937 persuadere
1414 2857 1501 2920 nobis

290 2955 408 3020 frustra
426 2954 564 3034 studuit,
585 2957 624 3021 ad
645 2958 836 3033 extremum,
857 2959 893 3022 ut
915 2976 982 3021 rem
1003 2958 1073 3021 luae
1097 2959 1260 3023 clariorem
1281 2976 1349 3022 esse
1373 2957 1501 3022 demon·

287 3059 384 3135 strat,¹
403 3058 550 3142 agedum,
572 3060 687 3141 inquit,
710 3059 849 3124 conferto
865 3079 937 3125 oum
954 3061 1083 3141 reliquis
1100 3060 1266 3124 oomoediis
1282 3063 1363 3125 hano
1377 3063 1501 3144 partem
1615 3124 1617 3130 .

287 3163 496 3240 postremam,
519 3162 583 3226 iam
601 3161 747 3228 videbitis
770 3164 920 3245 quantum
940 3163 1066 3227 intersit
1087 3163 1170 3227 inter
1193 3163 1278 3228 dooti
1292 3163 1499 3246 sapientisque

286 3266 397 3344 poetae
424 3265 525 3328 artem
549 3267 582 3328 et
607 3264 762 3352 insaniam
792 3265 874 3342 eius,
908 3265 961 3346 qui
991 3265 1070 3328 hano
1101 3265 1241 3330 fetidam
1265 3267 1421 3348 corrigere
1448 3268 1499 3330 vel

287 3367 392 3448 potius
415 3384 612 3450 eorrumpere
636 3369 767 3432 conatus
791 3369 848 3431 est.
893 3366 996 3447 Quare
1019 3368 1164 3450 quoniam
1186 3367 1313 3451 dignam
1336 3387 1402 3432 rem
1432 3387 1499 3432 osse

286 3463 432 3550 apparot,
454 3471 486 3533 in
509 3488 572 3551 qua
596 3470 837 3554 pervestiganda
860 3471 976 3535 iterum
998 3488 1177 3548 versemur,
1201 3470 1345 3552 equidem
1366 3471 1399 3535 id
1424 3488 1497 3552 ope-

285 3590 353 3635 ram
376 3570 470 3649 dabo,
502 3573 538 3637 ut
561 3574 594 3636 at
615 3573 758 3651 videam,
792 3572 946 3656 quomodo
976 3573 1064 3638 loeus
1094 3573 1147 3637 ille
1170 3572 1423 3655 interpretandus
1447 3573 1497 3649 sit,

285 3676 416 3756 atquae
438 3675 483 3738 ibi
506 3676 673 3740 narrantur
691 3677 799 3741 utrum
820 3677 860 3741 ab
875 3676 1095 3758 Aristophanis
1119 3675 1241 3740 dicendi
1260 3694 1373 3758 genere
1396 3674 1497 3739 aliena

284 3777 349 3839 sint
370 3795 484 3854 neone,
507 3796 563 3859 pro
586 3777 670 3842 virili
689 3779 778 3860 parte
799 3779 967 3862 explorem.

369 3878 418 3942 Aa
439 3880 575 3962 primurn
598 3879 739 3962 quidem,
770 3881 906 3964 nequid
928 3881 1087 3958 omittam,
1118 3880 1200 3963 quod
1222 3879 1261 3945 ad
1283 3882 1363 3945 hane
1390 3879 1495 3963 dispu-

263 3982 433 4050 tationem
449 3983 605 4064 pertinere
623 3983 783 4062 videatur,
806 3984 838 4047 in
861 3983 921 4047 fine
944 3983 1067 4047 fabulae
1089 3984 1188 4050 totius
1210 3984 1256 4047 rei
1278 3983 1415 4048 conditio
1430 3982 1495 4046 fere

283 4083 364 4148 haec
386 4088 444 4150 est
488 4086 591 4167 Quum
614 4086 914 4168 chorusVesparum
938 4085 1163 4167 parabatioum,
1180 4086 1262 4167 quod
1278 4086 1401 4159 diuitum,
1425 4103 1494 4148 ear-

282 4206 355 4251 men
377 4188 509 4252 tertium
531 4189 710 4266 eaoinisset,
730 4189 890 4253 Philoalao
912 4173 1004 4252 senex
1027 4187 1099 4253 vino
1114 4190 1221 4271 gravis
1242 4188 1493 4267 temulentusque

280 4290 313 4352 in
336 4308 462 4356 soonam
486 4291 568 4356 redit
590 4294 623 4356 at
648 4293 815 4375 postquam
840 4291 1032 4374 aliquamdiu
1054 4309 1161 4356 eoram
1183 4291 1320 4356 Xanthia
1349 4307 1439 4354 servo
1462 4291 1493 4354 et

280 4391 488 4476 BdelpoIeone
513 4393 579 4458 filio
607 4411 663 4478 per
686 4393 849 4459 lasciviam
872 4397 904 4459 ot
926 4395 1040 4459 aesinit
1070 4398 1103 4459 et
1131 4393 1274 4469 saltavit,
1306 4392 1491 4474 interrogat,

141 4556 144 4565 .
279 4515 356 4558 num
377 4498 446 4578 quis
468 4495 636 4579 tragoedus
657 4516 730 4562 oum
747 4498 816 4578 ipso
837 4497 973 4562 saltandi
994 4499 1152 4562 certamen
1171 4495 1250 4560 uelit
1268 4495 1357 4558 inira
1401 4493 1490 4574 Quod

278 4615 375 4678 quum
404 4600 646 4680 interrogasset,
688 4597 810 4664 (lamini
841 4602 951 4684 poetae
983 4599 1097 4681 tragici
1129 4597 1272 4662 omnibus
1301 4596 1491 4660 comicorum

1228 4707 1244 4761 1
1251 4697 1269 4735 a
